
<record>
  <leader>05206cam a2200637 i 4500</leader>
  <controlfield tag="001">19224305</controlfield>
  <controlfield tag="005">20200103110335.0</controlfield>
  <controlfield tag="007">sd fs|gnn||||u</controlfield>
  <controlfield tag="008">160810m20159999ru abcg  b    000 mdrus d</controlfield>
  <datafield tag="906" ind1=" " ind2=" ">
    <subfield code="a">7</subfield>
    <subfield code="b">cbc</subfield>
    <subfield code="c">copycat</subfield>
    <subfield code="d">2</subfield>
    <subfield code="e">ncip</subfield>
    <subfield code="f">20</subfield>
    <subfield code="g">y-nonroman</subfield>
  </datafield>
  <datafield tag="925" ind1="0" ind2=" ">
    <subfield code="a">acquire</subfield>
    <subfield code="b">1 shelf copies</subfield>
    <subfield code="x">policy default</subfield>
  </datafield>
  <datafield tag="955" ind1=" " ind2=" ">
    <subfield code="b">fe06 2016-08-10 z-processor to cat. v. 1, 4, 7</subfield>
    <subfield code="a">fe00 2016-08-10 to GS/RUS</subfield>
    <subfield code="i">fe11 2017-08-07</subfield>
    <subfield code="r">fe01 2017-08-26  (v. 1, 4, 7), c1 to CALM; CD (sound disc), c1 to MBAS</subfield>
    <subfield code="a">fd33 2020-01-03 NAP Project update (sent to MBAS again)</subfield>
  </datafield>
  <datafield tag="010" ind1=" " ind2=" ">
    <subfield code="a">  2016454074</subfield>
  </datafield>
  <datafield tag="020" ind1=" " ind2=" ">
    <subfield code="a">9785920804747 (set)</subfield>
  </datafield>
  <datafield tag="020" ind1=" " ind2=" ">
    <subfield code="a">9785920804754 (Tom 1)</subfield>
  </datafield>
  <datafield tag="020" ind1=" " ind2=" ">
    <subfield code="a">9785920804761 (Tom 4)</subfield>
  </datafield>
  <datafield tag="020" ind1=" " ind2=" ">
    <subfield code="a">9785920804778 (Tom 7)</subfield>
  </datafield>
  <datafield tag="035" ind1=" " ind2=" ">
    <subfield code="a">(OCoLC)ocn951694851</subfield>
  </datafield>
  <datafield tag="040" ind1=" " ind2=" ">
    <subfield code="a">CUY</subfield>
    <subfield code="b">eng</subfield>
    <subfield code="e">rda</subfield>
    <subfield code="c">CUY</subfield>
    <subfield code="d">OCLCF</subfield>
    <subfield code="d">DLC</subfield>
  </datafield>
  <datafield tag="041" ind1="0" ind2=" ">
    <subfield code="a">rus</subfield>
    <subfield code="a">xal</subfield>
    <subfield code="a">mon</subfield>
    <subfield code="b">eng</subfield>
    <subfield code="f">eng</subfield>
  </datafield>
  <datafield tag="042" ind1=" " ind2=" ">
    <subfield code="a">lccopycat</subfield>
  </datafield>
  <datafield tag="043" ind1=" " ind2=" ">
    <subfield code="a">a-mp---</subfield>
  </datafield>
  <datafield tag="050" ind1="0" ind2="0">
    <subfield code="a">GR337.5</subfield>
    <subfield code="b">.P36 2015</subfield>
  </datafield>
  <datafield tag="066" ind1=" " ind2=" ">
    <subfield code="c">(N</subfield>
  </datafield>
  <datafield tag="245" ind1="0" ind2="0">
    <subfield code="6">880-01</subfield>
    <subfield code="a">Pami︠a︡tniki folʹklora mongolʹskikh narodov =</subfield>
    <subfield code="b">Folklore heritage of Mongolian peoples /</subfield>
    <subfield code="c">redakt︠s︡ionnyĭ sovet: L. Bold [and others] ; glavnyĭ redaktor: N.T︠S︡. Bitkeev ; redakt︠s︡ionnai︠a︡ kollegii︠a︡: N.T︠S︡. Bitkeev (gl. red.), A.N. Bitkeeva (otv. red.), P.T︠S︡. Bitkeev (otv. red.) [and others].</subfield>
  </datafield>
  <datafield tag="880" ind1="0" ind2="0">
    <subfield code="6">245-01/(N</subfield>
    <subfield code="a">Памятники фольклора монгольских народов =</subfield>
    <subfield code="b">Folklore heritage of Mongolian peoples /</subfield>
    <subfield code="c">редакционный совет: Л. Болд [and others] ; главный редактор: Н.Ц. Биткеев ; редакционная коллегия: Н.Ц. Биткеев (гл. ред.), А.Н. Биткеева (отв. ред.), П.Ц. Биткеев (отв. ред.) [and others].</subfield>
  </datafield>
  <datafield tag="246" ind1="1" ind2="5">
    <subfield code="a">Folklore heritage of Mongolian Peoples</subfield>
  </datafield>
  <datafield tag="264" ind1=" " ind2="1">
    <subfield code="6">880-02</subfield>
    <subfield code="a">Moskva :</subfield>
    <subfield code="b">IMLI RAN,</subfield>
    <subfield code="c">2015-</subfield>
  </datafield>
  <datafield tag="880" ind1=" " ind2="1">
    <subfield code="6">264-02/(N</subfield>
    <subfield code="a">Москва :</subfield>
    <subfield code="b">ИМЛИ РАН,</subfield>
    <subfield code="c">2015-</subfield>
  </datafield>
  <datafield tag="300" ind1=" " ind2=" ">
    <subfield code="a">volumes, unnumbered pages of plates :</subfield>
    <subfield code="b">illustrations (some color), map, portraits, music ;</subfield>
    <subfield code="c">23 cm +</subfield>
    <subfield code="e">audio discs (digital ; 4 3/4 in.)</subfield>
  </datafield>
  <datafield tag="300" ind1=" " ind2=" ">
    <subfield code="a">audio discs (digital) ;</subfield>
    <subfield code="c">4 3/4 in. (v. 1)</subfield>
  </datafield>
  <datafield tag="336" ind1=" " ind2=" ">
    <subfield code="3">audio disc</subfield>
    <subfield code="a">performed music</subfield>
    <subfield code="b">prm</subfield>
    <subfield code="2">rdacontent</subfield>
  </datafield>
  <datafield tag="337" ind1=" " ind2=" ">
    <subfield code="3">audio disc</subfield>
    <subfield code="a">audio</subfield>
    <subfield code="b">s</subfield>
    <subfield code="2">rdamedia</subfield>
  </datafield>
  <datafield tag="338" ind1=" " ind2=" ">
    <subfield code="3">audio disc</subfield>
    <subfield code="b">sd</subfield>
    <subfield code="2">rdacarrier</subfield>
  </datafield>
  <datafield tag="336" ind1=" " ind2=" ">
    <subfield code="3">book</subfield>
    <subfield code="a">text</subfield>
    <subfield code="b">txt</subfield>
    <subfield code="2">rdacontent</subfield>
  </datafield>
  <datafield tag="337" ind1=" " ind2=" ">
    <subfield code="3">book</subfield>
    <subfield code="a">unmediated</subfield>
    <subfield code="b">n</subfield>
    <subfield code="2">rdamedia</subfield>
  </datafield>
  <datafield tag="338" ind1=" " ind2=" ">
    <subfield code="3">book</subfield>
    <subfield code="a">volume</subfield>
    <subfield code="b">nc</subfield>
    <subfield code="2">rdacarrier</subfield>
  </datafield>
  <datafield tag="500" ind1=" " ind2=" ">
    <subfield code="6">880-03</subfield>
    <subfield code="a">&quot;Nauchnoe izdanie&quot;--Colophon.</subfield>
  </datafield>
  <datafield tag="880" ind1=" " ind2=" ">
    <subfield code="6">500-03/(N</subfield>
    <subfield code="a">&quot;Научное издание&quot;--Colophon.</subfield>
  </datafield>
  <datafield tag="546" ind1=" " ind2=" ">
    <subfield code="a">Russian, Kalmyk, and Mongolian; prefaces, summary, and table of contents also in English.</subfield>
  </datafield>
  <datafield tag="500" ind1=" " ind2=" ">
    <subfield code="6">880-04</subfield>
    <subfield code="a">At head of title: FGBOU Kalmyt︠s︡kiĭ gosudarstvennyĭ universitet. FGBUN Institut mirovoĭ literatury im. A.M. Gorʹkogo, Rossiĭskoĭ akademii nauk. FGBUN Institut mongolovedenii︠a︡, buddologii i tibetologii SO RAN. Institut i︠a︡zyka i literatury Akademii nauk Mongolii.</subfield>
  </datafield>
  <datafield tag="880" ind1=" " ind2=" ">
    <subfield code="6">500-04/(N</subfield>
    <subfield code="a">At head of title: ФГБОУ Калмыцкий государственный университет. ФГБУН Институт мировой литературы им. А.М. Горького, Российской академии наук. ФГБУН Институт монголоведения, буддологии и тибетологии СО РАН. Институт языка и литературы Академии наук Монголии.</subfield>
  </datafield>
  <datafield tag="504" ind1=" " ind2=" ">
    <subfield code="a">Includes bibliographical references.</subfield>
  </datafield>
  <datafield tag="505" ind1="1" ind2=" ">
    <subfield code="6">880-05</subfield>
    <subfield code="a">Tom 1. Geroicheskiĭ ėpos &quot;Dzhangar&quot; na kalmyt︠s︡kom i mongolʹskom i︠a︡zykakh = Heroic epic &quot;Djanggar&quot; in Kalmyk and Mongolian   -- Tom 4. Legendy i predanii︠a︡ na kalmyt︠s︡kom, buri︠a︡tskom, mongolʹskom i︠a︡zykakh = Legends in Kalmyk, Buryat and Mongolian   -- Tom 7. Zagadki na kalmyt︠s︡kom, buri︠a︡tskom, mongolʹskom i︠a︡zykakh = Riddles in Kalmyk, Buryat and Mongolian</subfield>
  </datafield>
  <datafield tag="880" ind1="1" ind2=" ">
    <subfield code="6">505-05/(N</subfield>
    <subfield code="a">Том 1. Героический эпос &quot;Джангар&quot; на калмыцком и монгольском языках = Heroic epic &quot;Djanggar&quot; in Kalmyk and Mongolian   -- Том 4. Легенды и предания на калмыцком, бурятском, монгольском языках = Legends in Kalmyk, Buryat and Mongolian   -- Том 7. Загадки на калмыцком, бурятском, монгольском языках = Riddles in Kalmyk, Buryat and Mongolian</subfield>
  </datafield>
  <datafield tag="650" ind1=" " ind2="0">
    <subfield code="a">Folklore</subfield>
    <subfield code="z">Mongolia.</subfield>
  </datafield>
  <datafield tag="650" ind1=" " ind2="0">
    <subfield code="a">Folk literature, Mongolian.</subfield>
  </datafield>
  <datafield tag="650" ind1=" " ind2="0">
    <subfield code="a">Epic literature, Mongolian.</subfield>
  </datafield>
  <datafield tag="650" ind1=" " ind2="0">
    <subfield code="a">Folk literature, Turkic.</subfield>
  </datafield>
  <datafield tag="650" ind1=" " ind2="0">
    <subfield code="a">Epic literature, Turkic.</subfield>
  </datafield>
  <datafield tag="700" ind1="1" ind2=" ">
    <subfield code="a">Bitkeev, N. T︠S︡.</subfield>
    <subfield code="q">(Nikolaĭ T︠S︡edenovich),</subfield>
    <subfield code="e">editor.</subfield>
  </datafield>
  <datafield tag="710" ind1="2" ind2=" ">
    <subfield code="a">Institut mirovoĭ literatury imeni A.M. Gorʹkogo,</subfield>
    <subfield code="e">issuing body.</subfield>
  </datafield>
  <datafield tag="710" ind1="2" ind2=" ">
    <subfield code="a">Institut mongolovedenii︠a︡, buddologii i tibetologii (Rossiĭskai︠a︡ akademii︠a︡ nauk. Sibirskoe otdelenie),</subfield>
    <subfield code="e">issuing body.</subfield>
  </datafield>
  <datafield tag="710" ind1="2" ind2=" ">
    <subfield code="a">Khėl Zokhiolyn Khu̇rėėlėn (Mongolyn Shinzhlėkh Ukhaany Akademi),</subfield>
    <subfield code="e">issuing body.</subfield>
  </datafield>
  <datafield tag="952" ind1=" " ind2=" ">
    <subfield code="a">Pages: v. 1 - 1055, 16 unnumbered pages of plates + CD, v. 4 - 651, v. 7 - 407,</subfield>
  </datafield>
  <datafield tag="923" ind1=" " ind2=" ">
    <subfield code="d">20160622</subfield>
    <subfield code="n">10181855</subfield>
    <subfield code="s">RuMoEVIS</subfield>
  </datafield>
</record>