
<record>
  <leader>03462cam a22004337i 4500</leader>
  <controlfield tag="001">19225043</controlfield>
  <controlfield tag="005">20200103121226.0</controlfield>
  <controlfield tag="008">160811s2015    pe a     b    000 0 spa c</controlfield>
  <datafield tag="906" ind1=" " ind2=" ">
    <subfield code="a">7</subfield>
    <subfield code="b">cbc</subfield>
    <subfield code="c">pccadap</subfield>
    <subfield code="d">3</subfield>
    <subfield code="e">ncip</subfield>
    <subfield code="f">20</subfield>
    <subfield code="g">y-gencatlg</subfield>
  </datafield>
  <datafield tag="925" ind1="0" ind2=" ">
    <subfield code="a">acquire</subfield>
    <subfield code="b">1 shelf copies</subfield>
    <subfield code="x">policy default</subfield>
  </datafield>
  <datafield tag="955" ind1=" " ind2=" ">
    <subfield code="b">bg22 2016-08-11 z-processor to ALAWE/SA</subfield>
    <subfield code="i">bc12 2017-06-19 (telework)</subfield>
    <subfield code="e">bc12 2017-06-22 to BCCD (ABAchecked &amp; Labeled)</subfield>
  </datafield>
  <datafield tag="010" ind1=" " ind2=" ">
    <subfield code="a">  2016445427</subfield>
  </datafield>
  <datafield tag="020" ind1=" " ind2=" ">
    <subfield code="a">9786124647338</subfield>
  </datafield>
  <datafield tag="020" ind1=" " ind2=" ">
    <subfield code="a">6124647338</subfield>
  </datafield>
  <datafield tag="035" ind1=" " ind2=" ">
    <subfield code="a">(OCoLC)ocn919164846</subfield>
  </datafield>
  <datafield tag="040" ind1=" " ind2=" ">
    <subfield code="a">H7K</subfield>
    <subfield code="b">eng</subfield>
    <subfield code="c">PUL</subfield>
    <subfield code="e">rda</subfield>
    <subfield code="d">OCLCO</subfield>
    <subfield code="d">OCLCF</subfield>
    <subfield code="d">OCLCO</subfield>
    <subfield code="d">STF</subfield>
    <subfield code="d">DLC</subfield>
  </datafield>
  <datafield tag="043" ind1=" " ind2=" ">
    <subfield code="a">s-pe---</subfield>
  </datafield>
  <datafield tag="050" ind1="0" ind2="0">
    <subfield code="a">Z997.2.P4</subfield>
    <subfield code="b">Y74 2015</subfield>
  </datafield>
  <datafield tag="100" ind1="1" ind2=" ">
    <subfield code="a">Yrivarren, Ingrid,</subfield>
    <subfield code="e">author.</subfield>
  </datafield>
  <datafield tag="245" ind1="1" ind2="0">
    <subfield code="a">Paraísos del saber :</subfield>
    <subfield code="b">50 bibliotecas emblemáticas del Perú /</subfield>
    <subfield code="c">dirección y edición general, Ingrid Yrivarren ; textos, Ingrid Yrivarren ; fotografías, Morgana Vargas Llosa, Hans Stoll.</subfield>
  </datafield>
  <datafield tag="246" ind1="3" ind2="0">
    <subfield code="a">50 bibliotecas emblemáticas del Perú</subfield>
  </datafield>
  <datafield tag="246" ind1="3" ind2="0">
    <subfield code="a">Cincuenta bibliotecas emblemáticas del Perú</subfield>
  </datafield>
  <datafield tag="250" ind1=" " ind2=" ">
    <subfield code="a">Primera edición.</subfield>
  </datafield>
  <datafield tag="264" ind1=" " ind2="1">
    <subfield code="a">Lima, Perú :</subfield>
    <subfield code="b">Solar Central,</subfield>
    <subfield code="c">2015.</subfield>
  </datafield>
  <datafield tag="300" ind1=" " ind2=" ">
    <subfield code="a">349 pages :</subfield>
    <subfield code="b">color illustrations ;</subfield>
    <subfield code="c">34 cm</subfield>
  </datafield>
  <datafield tag="336" ind1=" " ind2=" ">
    <subfield code="a">text</subfield>
    <subfield code="b">txt</subfield>
    <subfield code="2">rdacontent</subfield>
  </datafield>
  <datafield tag="336" ind1=" " ind2=" ">
    <subfield code="a">still image</subfield>
    <subfield code="b">sti</subfield>
    <subfield code="2">rdacontent</subfield>
  </datafield>
  <datafield tag="337" ind1=" " ind2=" ">
    <subfield code="a">unmediated</subfield>
    <subfield code="b">n</subfield>
    <subfield code="2">rdamedia</subfield>
  </datafield>
  <datafield tag="338" ind1=" " ind2=" ">
    <subfield code="a">volume</subfield>
    <subfield code="b">nc</subfield>
    <subfield code="2">rdacarrier</subfield>
  </datafield>
  <datafield tag="504" ind1=" " ind2=" ">
    <subfield code="a">Includes bibliographical references.</subfield>
  </datafield>
  <datafield tag="505" ind1="0" ind2=" ">
    <subfield code="a">Prólogo -- Introducción -- Institucionales. &quot;El saber de una época&quot; -- Biblioteca Amazónica, Loreto -- Biblioteca y Archivo Histórico Municipal de Lima -- Convento de los Delcazos, Lima -- Convento de San Francisco, Lima -- Convento de Santa Rosa de Ocopa, Huancayo -- Convento de Santo Domingo, Lima -- Fundación Temple Radicati -- Instituto Riva Agüero -- Monasterio de La Recoleta, Arequipa -- Museo de Arte Religioso de la Catedral de Lima -- Universidad Nacional de San Antonio Abad del Cusco -- Artistas y escritores. &quot;La reserva del lenguaje&quot; -- Fernando Ampuero -- Alfredo Bryce Echenique -- Alonso Cueto -- José Ruiz Rosas -- Fernando de Szyszlo -- José Tola -- Mario Vargas Llosa -- Ensayistas y periodista. &quot;Las palabras difundidas&quot; -- Alfredo Barnechea -- Luis Jaime Cisneros -- Martha Hildebrandt -- Francisco Miró Quesada -- Estuardo Nuñez -- Tomas Ünger -- Historia y Ciencias Sociales. &quot;Pensando el Perú&quot; -- Max Hernández -- Guillermo Lumbreras -- José Matos Mar -- José Agustín de la Puente -- Eusebio Quiroz Paz Soldán -- Líderes Sociales. &quot;Definiciones y certezas&quot; -- Javier Pérez de Cuellar -- Gustavo Gutierrez -- Vctor Ral Haya de la Torre -- Pedro Pablo Kuczynski -- Hernando de Soto -- Fernando de Trazegnies -- Javier Valle Riestra -- Testigos y protagonistas. &quot;Lecturas de nuestro tiempo&quot; -- Pedro Benvenutto Murrieta -- Federico Camino Macedo -- Frederick Cooper -- Augusto Ferrero Costa -- Gian Flavio Gerbolini Isola -- Teresa Gruenberg -- Marisa Giulfo -- Juan Miranda -- Juan Monroy Gálvez -- Manuel Moreyra Loredo -- Ramón Mujica -- Manuel Pablo Olaechea -- Carlos Roe Gómez -- Apéndice.</subfield>
  </datafield>
  <datafield tag="650" ind1=" " ind2="0">
    <subfield code="a">Private libraries</subfield>
    <subfield code="z">Peru</subfield>
    <subfield code="x">History.</subfield>
  </datafield>
  <datafield tag="650" ind1=" " ind2="0">
    <subfield code="a">Private libraries</subfield>
    <subfield code="z">Peru</subfield>
    <subfield code="v">Pictorial works.</subfield>
  </datafield>
  <datafield tag="650" ind1=" " ind2="0">
    <subfield code="a">Public libraries</subfield>
    <subfield code="z">Peru</subfield>
    <subfield code="x">History.</subfield>
  </datafield>
  <datafield tag="650" ind1=" " ind2="0">
    <subfield code="a">Public libraries</subfield>
    <subfield code="z">Peru</subfield>
    <subfield code="v">Pictorial works.</subfield>
  </datafield>
  <datafield tag="650" ind1=" " ind2="0">
    <subfield code="a">Books and reading</subfield>
    <subfield code="z">Peru</subfield>
    <subfield code="x">History.</subfield>
  </datafield>
  <datafield tag="651" ind1=" " ind2="0">
    <subfield code="a">Peru</subfield>
    <subfield code="x">Intellectual life.</subfield>
  </datafield>
  <datafield tag="700" ind1="1" ind2=" ">
    <subfield code="a">Vargas Llosa, Morgana,</subfield>
    <subfield code="d">1974-</subfield>
    <subfield code="e">photographer.</subfield>
  </datafield>
  <datafield tag="700" ind1="1" ind2=" ">
    <subfield code="a">Stoll, Hans,</subfield>
    <subfield code="d">1964-</subfield>
    <subfield code="e">photographer.</subfield>
  </datafield>
</record>