
<record>
  <leader>04227cam a22006737i 4500</leader>
  <controlfield tag="001">19225416</controlfield>
  <controlfield tag="005">20200103150801.0</controlfield>
  <controlfield tag="008">160811t20162016mdua     b    001 0 eng c</controlfield>
  <datafield tag="906" ind1=" " ind2=" ">
    <subfield code="a">7</subfield>
    <subfield code="b">cbc</subfield>
    <subfield code="c">pccadap</subfield>
    <subfield code="d">2</subfield>
    <subfield code="e">ncip</subfield>
    <subfield code="f">20</subfield>
    <subfield code="g">y-gencatlg</subfield>
  </datafield>
  <datafield tag="925" ind1="0" ind2=" ">
    <subfield code="a">acquire</subfield>
    <subfield code="b">1 shelf copy</subfield>
    <subfield code="x">policy default</subfield>
  </datafield>
  <datafield tag="955" ind1=" " ind2=" ">
    <subfield code="b">rm08 2018-02-14 z-processor</subfield>
    <subfield code="i">rm06 2018-03-02 to Dewey</subfield>
  </datafield>
  <datafield tag="955" ind1=" " ind2=" ">
    <subfield code="a">pc25 2016-08-11</subfield>
    <subfield code="a">xn08 2018-01-25 1 copy rec&apos;d., to USASH</subfield>
    <subfield code="a">re06 2018-02-06</subfield>
  </datafield>
  <datafield tag="010" ind1=" " ind2=" ">
    <subfield code="a">  2016950763</subfield>
  </datafield>
  <datafield tag="016" ind1="7" ind2=" ">
    <subfield code="a">101714469</subfield>
    <subfield code="2">DNLM</subfield>
  </datafield>
  <datafield tag="020" ind1=" " ind2=" ">
    <subfield code="a">9781498542517 (cloth ; alk. paper)</subfield>
  </datafield>
  <datafield tag="020" ind1=" " ind2=" ">
    <subfield code="a">9781498542524 (electronic)</subfield>
  </datafield>
  <datafield tag="020" ind1=" " ind2=" ">
    <subfield code="a">1498542522</subfield>
  </datafield>
  <datafield tag="020" ind1=" " ind2=" ">
    <subfield code="a">1498542514</subfield>
  </datafield>
  <datafield tag="035" ind1=" " ind2=" ">
    <subfield code="a">(OCoLC)ocn953423830</subfield>
  </datafield>
  <datafield tag="040" ind1=" " ind2=" ">
    <subfield code="a">NLM</subfield>
    <subfield code="b">eng</subfield>
    <subfield code="c">NLM</subfield>
    <subfield code="e">rda</subfield>
    <subfield code="d">BDX</subfield>
    <subfield code="d">COA</subfield>
    <subfield code="d">BTCTA</subfield>
    <subfield code="d">OCLCF</subfield>
    <subfield code="d">GZM</subfield>
    <subfield code="d">EQO</subfield>
    <subfield code="d">CHVBK</subfield>
    <subfield code="d">YDXCP</subfield>
    <subfield code="d">OCLCO</subfield>
    <subfield code="d">DLC</subfield>
  </datafield>
  <datafield tag="041" ind1="1" ind2=" ">
    <subfield code="a">eng</subfield>
    <subfield code="h">jpn</subfield>
  </datafield>
  <datafield tag="043" ind1=" " ind2=" ">
    <subfield code="a">a-ja---</subfield>
  </datafield>
  <datafield tag="050" ind1="0" ind2="0">
    <subfield code="a">HV600 2011.T64</subfield>
    <subfield code="b">T365 2016</subfield>
  </datafield>
  <datafield tag="100" ind1="1" ind2=" ">
    <subfield code="a">Takezawa, Shōichirō,</subfield>
    <subfield code="d">1951-</subfield>
    <subfield code="e">author.</subfield>
  </datafield>
  <datafield tag="240" ind1="1" ind2="0">
    <subfield code="a">Hisaigo o ikiru.</subfield>
    <subfield code="l">English</subfield>
  </datafield>
  <datafield tag="245" ind1="1" ind2="4">
    <subfield code="a">The aftermath of the 2011 East Japan earthquake and tsunami :</subfield>
    <subfield code="b">living among the rubble /</subfield>
    <subfield code="c">Shoichiro Takezawa ; translated by Polly Barton.</subfield>
  </datafield>
  <datafield tag="264" ind1=" " ind2="1">
    <subfield code="a">Lanham :</subfield>
    <subfield code="b">Lexington Books,</subfield>
    <subfield code="c">[2016]</subfield>
  </datafield>
  <datafield tag="264" ind1=" " ind2="4">
    <subfield code="c">©2016</subfield>
  </datafield>
  <datafield tag="300" ind1=" " ind2=" ">
    <subfield code="a">xxi, 197 pages :</subfield>
    <subfield code="b">illustrations ;</subfield>
    <subfield code="c">24 cm</subfield>
  </datafield>
  <datafield tag="336" ind1=" " ind2=" ">
    <subfield code="a">text</subfield>
    <subfield code="b">txt</subfield>
    <subfield code="2">rdacontent</subfield>
  </datafield>
  <datafield tag="337" ind1=" " ind2=" ">
    <subfield code="a">unmediated</subfield>
    <subfield code="b">n</subfield>
    <subfield code="2">rdamedia</subfield>
  </datafield>
  <datafield tag="338" ind1=" " ind2=" ">
    <subfield code="a">volume</subfield>
    <subfield code="b">nc</subfield>
    <subfield code="2">rdacarrier</subfield>
  </datafield>
  <datafield tag="504" ind1=" " ind2=" ">
    <subfield code="a">Includes bibliographical references (pages 189-192) and index.</subfield>
  </datafield>
  <datafield tag="520" ind1=" " ind2=" ">
    <subfield code="a">&quot;An insightful study in disaster anthropology, The Aftermath of the 2011 East Japan Earthquake and Tsunami takes as its focus the fishing town of Otsuchi in Japan&apos;s Iwate Prefecture, one of the worst damaged areas in the mammoth 2011 tsunami. Here,1,281 of the pre-tsunami population of 15,000 were killed and 60 percent of houses destroyed. To make matters worse, the town&apos;s administrative organs were completely obliterated and fire ravaged the downtown area for three days, blocking external rescue attempts. Complete with vivid and detailed witness testimony collected by the author, this book covers the eighteen months since the first day of the disaster through the subsequent months of community life in the evacuation centers and the struggles between the citizens and local governments in formulating reconstruction plans. It particularly addresses community interactions within the post-disaster context, assessing locals&apos; varying degrees of success in organizing emergency committees to deal with such tasks as clearing rubble, hunting down food, obtaining fuel, and inquiring into the sociological reasons for these differences. It also casts new light on administrative failings that significantly augmented the loss of human lives in the diaster, and are threatening to bring further damage through insistence on reconstruction centered on enormous sea walls, agains local citizens&apos; wishes&quot;--Back cover.</subfield>
  </datafield>
  <datafield tag="650" ind1=" " ind2="0">
    <subfield code="a">Tohoku Earthquake and Tsunami, Japan, 2011</subfield>
    <subfield code="x">Social aspects.</subfield>
  </datafield>
  <datafield tag="650" ind1=" " ind2="0">
    <subfield code="a">Earthquakes</subfield>
    <subfield code="z">Japan</subfield>
    <subfield code="z">Ōtsuchi-chō.</subfield>
  </datafield>
  <datafield tag="650" ind1=" " ind2="0">
    <subfield code="a">Tsunamis</subfield>
    <subfield code="z">Japan</subfield>
    <subfield code="z">Ōtsuchi-chō.</subfield>
  </datafield>
  <datafield tag="650" ind1=" " ind2="0">
    <subfield code="a">Human beings</subfield>
    <subfield code="x">Effect of environment on</subfield>
    <subfield code="z">Japan</subfield>
    <subfield code="z">Ōtsuchi-chō.</subfield>
  </datafield>
  <datafield tag="650" ind1=" " ind2="0">
    <subfield code="a">Disaster relief</subfield>
    <subfield code="z">Japan</subfield>
    <subfield code="z">Ōtsuchi-chō.</subfield>
  </datafield>
  <datafield tag="651" ind1=" " ind2="0">
    <subfield code="a">Ōtsuchi-chō (Japan)</subfield>
    <subfield code="x">Social conditions.</subfield>
  </datafield>
  <datafield tag="650" ind1="1" ind2="2">
    <subfield code="a">Relief Work</subfield>
    <subfield code="x">organization &amp; administration.</subfield>
  </datafield>
  <datafield tag="650" ind1="1" ind2="2">
    <subfield code="a">Community Participation.</subfield>
  </datafield>
  <datafield tag="650" ind1="2" ind2="2">
    <subfield code="a">Earthquakes.</subfield>
  </datafield>
  <datafield tag="650" ind1="2" ind2="2">
    <subfield code="a">Tsunamis.</subfield>
  </datafield>
  <datafield tag="650" ind1="2" ind2="2">
    <subfield code="a">Disaster Planning</subfield>
    <subfield code="x">organization &amp; administration.</subfield>
  </datafield>
  <datafield tag="651" ind1=" " ind2="2">
    <subfield code="a">Japan.</subfield>
  </datafield>
  <datafield tag="611" ind1="2" ind2="7">
    <subfield code="a">Tohoku Earthquake and Tsunami (Japan : 2011)</subfield>
    <subfield code="2">fast</subfield>
    <subfield code="0">(OCoLC)fst01765297</subfield>
  </datafield>
  <datafield tag="650" ind1=" " ind2="7">
    <subfield code="a">Disaster relief.</subfield>
    <subfield code="2">fast</subfield>
    <subfield code="0">(OCoLC)fst00894731</subfield>
  </datafield>
  <datafield tag="650" ind1=" " ind2="7">
    <subfield code="a">Earthquakes.</subfield>
    <subfield code="2">fast</subfield>
    <subfield code="0">(OCoLC)fst00900899</subfield>
  </datafield>
  <datafield tag="650" ind1=" " ind2="7">
    <subfield code="a">Human beings</subfield>
    <subfield code="x">Effect of environment on.</subfield>
    <subfield code="2">fast</subfield>
    <subfield code="0">(OCoLC)fst00962843</subfield>
  </datafield>
  <datafield tag="650" ind1=" " ind2="7">
    <subfield code="a">Social aspects.</subfield>
    <subfield code="2">fast</subfield>
    <subfield code="0">(OCoLC)fst01354981</subfield>
  </datafield>
  <datafield tag="650" ind1=" " ind2="7">
    <subfield code="a">Social conditions.</subfield>
    <subfield code="2">fast</subfield>
    <subfield code="0">(OCoLC)fst01919811</subfield>
  </datafield>
  <datafield tag="650" ind1=" " ind2="7">
    <subfield code="a">Tsunamis.</subfield>
    <subfield code="2">fast</subfield>
    <subfield code="0">(OCoLC)fst01158379</subfield>
  </datafield>
  <datafield tag="651" ind1=" " ind2="7">
    <subfield code="a">Japan</subfield>
    <subfield code="z">Ōtsuchi-chō.</subfield>
    <subfield code="2">fast</subfield>
    <subfield code="0">(OCoLC)fst01212155</subfield>
  </datafield>
  <datafield tag="651" ind1=" " ind2="7">
    <subfield code="a">Japan</subfield>
    <subfield code="z">Tōhoku Region.</subfield>
    <subfield code="2">fast</subfield>
    <subfield code="0">(OCoLC)fst01240193</subfield>
  </datafield>
  <datafield tag="648" ind1=" " ind2="7">
    <subfield code="a">2011</subfield>
    <subfield code="2">fast</subfield>
  </datafield>
  <datafield tag="650" ind1=" " ind2="7">
    <subfield code="a">Naturkatastrophe</subfield>
    <subfield code="2">gnd</subfield>
  </datafield>
  <datafield tag="610" ind1="2" ind2="7">
    <subfield code="a">Chōsen Kōgei Kenkyūkai</subfield>
    <subfield code="2">gnd</subfield>
  </datafield>
  <datafield tag="700" ind1="1" ind2=" ">
    <subfield code="a">Barton, Polly</subfield>
    <subfield code="c">(Translator),</subfield>
    <subfield code="e">translator.</subfield>
  </datafield>
</record>