
<record>
  <leader>02493cam a22003497i 4500</leader>
  <controlfield tag="001">19226698</controlfield>
  <controlfield tag="005">20200103150802.0</controlfield>
  <controlfield tag="008">160812s2016    caua          000 0 eng  </controlfield>
  <datafield tag="906" ind1=" " ind2=" ">
    <subfield code="a">7</subfield>
    <subfield code="b">cbc</subfield>
    <subfield code="c">orignew</subfield>
    <subfield code="d">1</subfield>
    <subfield code="e">ecip</subfield>
    <subfield code="f">20</subfield>
    <subfield code="g">y-gencatlg</subfield>
  </datafield>
  <datafield tag="925" ind1="0" ind2=" ">
    <subfield code="a">acquire</subfield>
    <subfield code="b">1 shelf copy</subfield>
    <subfield code="x">policy default</subfield>
  </datafield>
  <datafield tag="955" ind1=" " ind2=" ">
    <subfield code="b">rm13 2016-08-12</subfield>
    <subfield code="i">rm13 2016-08-12 ONIX (telework)</subfield>
    <subfield code="w">xm06 2016-08-12</subfield>
    <subfield code="a">xn11 2016-09-12 1 copy rec&apos;d., to CIP ver.</subfield>
    <subfield code="f">rm04 2016-09-16 to BCCD</subfield>
  </datafield>
  <datafield tag="010" ind1=" " ind2=" ">
    <subfield code="a">  2016020270</subfield>
  </datafield>
  <datafield tag="020" ind1=" " ind2=" ">
    <subfield code="a">9781401949013 (paperback)</subfield>
  </datafield>
  <datafield tag="040" ind1=" " ind2=" ">
    <subfield code="a">DLC</subfield>
    <subfield code="b">eng</subfield>
    <subfield code="c">DLC</subfield>
    <subfield code="e">rda</subfield>
    <subfield code="d">DLC</subfield>
  </datafield>
  <datafield tag="050" ind1="0" ind2="0">
    <subfield code="a">BF575.H27</subfield>
    <subfield code="b">M398 2016</subfield>
  </datafield>
  <datafield tag="082" ind1="0" ind2="0">
    <subfield code="a">158</subfield>
    <subfield code="2">23</subfield>
  </datafield>
  <datafield tag="084" ind1=" " ind2=" ">
    <subfield code="a">SEL000000</subfield>
    <subfield code="a">SEL016000</subfield>
    <subfield code="2">bisacsh</subfield>
  </datafield>
  <datafield tag="100" ind1="1" ind2=" ">
    <subfield code="a">McKenna, Paul, PH.D.</subfield>
    <subfield code="d">1963-</subfield>
    <subfield code="e">[author]</subfield>
  </datafield>
  <datafield tag="245" ind1="1" ind2="0">
    <subfield code="a">I can make you happy /</subfield>
    <subfield code="c">Paul McKenna, Ph.D. ; edited by Hugh Willbourn, Ph.D.</subfield>
  </datafield>
  <datafield tag="250" ind1=" " ind2=" ">
    <subfield code="a">1st Edition.</subfield>
  </datafield>
  <datafield tag="264" ind1=" " ind2="1">
    <subfield code="a">Carlsbad, California :</subfield>
    <subfield code="b">Hay House, Inc.,</subfield>
    <subfield code="c">[2016]</subfield>
  </datafield>
  <datafield tag="300" ind1=" " ind2=" ">
    <subfield code="a">194 pages :</subfield>
    <subfield code="b">illustrations ;</subfield>
    <subfield code="c">21 cm</subfield>
  </datafield>
  <datafield tag="336" ind1=" " ind2=" ">
    <subfield code="a">text</subfield>
    <subfield code="b">txt</subfield>
    <subfield code="2">rdacontent</subfield>
  </datafield>
  <datafield tag="337" ind1=" " ind2=" ">
    <subfield code="a">unmediated</subfield>
    <subfield code="b">n</subfield>
    <subfield code="2">rdamedia</subfield>
  </datafield>
  <datafield tag="338" ind1=" " ind2=" ">
    <subfield code="a">volume</subfield>
    <subfield code="b">nc</subfield>
    <subfield code="2">rdacarrier</subfield>
  </datafield>
  <datafield tag="500" ind1=" " ind2=" ">
    <subfield code="a">Originally published: New York : Sterling, 2011.</subfield>
  </datafield>
  <datafield tag="520" ind1=" " ind2=" ">
    <subfield code="a">&quot;Do you want to be happier? Do you want to stop feeling bad right now? Do you want to experience greater joy than ever before? What if it was possible to feel happier than you had ever imagined before?   It doesn&apos;t matter whether you&apos;re sad, bored, or depressed--or even if you&apos;re already quite content--Paul McKenna can help you become a whole lot happier!  Scientific research reveals that our levels of happiness aren&apos;t fixed; we can change them through our thoughts and actions. Dr. McKenna has spent the past 25 years developing a system that can have an immediate, measurable impact on people&apos;s emotional well-being. This book uses the latest, most powerful psychological techniques and a downloadable guided hypnosis session to help readers feel really good right now.  The human mind is like a computer, with its own software that governs how we think and act. Most human problems are caused by negative programs running in the unconscious mind. This book and audio session help you install positive programs that seek out and magnify the factors that create happiness. Use it to take control of your life and start feeling happier today!&quot;--</subfield>
    <subfield code="c">Provided by publisher.</subfield>
  </datafield>
  <datafield tag="650" ind1=" " ind2="0">
    <subfield code="a">Happiness.</subfield>
  </datafield>
  <datafield tag="650" ind1=" " ind2="0">
    <subfield code="a">Positive psychology.</subfield>
  </datafield>
  <datafield tag="650" ind1=" " ind2="7">
    <subfield code="a">SELF-HELP / General.</subfield>
    <subfield code="2">bisacsh</subfield>
  </datafield>
  <datafield tag="650" ind1=" " ind2="7">
    <subfield code="a">SELF-HELP / Personal Growth / Happiness.</subfield>
    <subfield code="2">bisacsh</subfield>
  </datafield>
  <datafield tag="700" ind1="1" ind2=" ">
    <subfield code="a">Willbourn, Hugh,</subfield>
    <subfield code="e">editor.</subfield>
  </datafield>
</record>