
<record>
  <leader>03941cam a22003617i 4500</leader>
  <controlfield tag="001">19227883</controlfield>
  <controlfield tag="005">20200103150803.0</controlfield>
  <controlfield tag="008">160805s2016    sz a          000 0 ger  </controlfield>
  <datafield tag="906" ind1=" " ind2=" ">
    <subfield code="a">7</subfield>
    <subfield code="b">cbc</subfield>
    <subfield code="c">origres</subfield>
    <subfield code="d">4</subfield>
    <subfield code="e">ncip</subfield>
    <subfield code="f">20</subfield>
    <subfield code="g">y-gencatlg</subfield>
  </datafield>
  <datafield tag="925" ind1="0" ind2=" ">
    <subfield code="a">acquire</subfield>
    <subfield code="b">1 shelf copy</subfield>
    <subfield code="x">policy default</subfield>
  </datafield>
  <datafield tag="955" ind1=" " ind2=" ">
    <subfield code="b">ff16 2016-09-02</subfield>
    <subfield code="a">ff00 2016-09-16 to GS/SBCG</subfield>
    <subfield code="i">ff72 2019-07-15 to BCCD</subfield>
  </datafield>
  <datafield tag="010" ind1=" " ind2=" ">
    <subfield code="a">  2016383717</subfield>
  </datafield>
  <datafield tag="020" ind1=" " ind2=" ">
    <subfield code="a">9783037349199 (pbk.)</subfield>
  </datafield>
  <datafield tag="020" ind1=" " ind2=" ">
    <subfield code="a">3037349190 (pbk.)</subfield>
  </datafield>
  <datafield tag="035" ind1=" " ind2=" ">
    <subfield code="a">(GyWOH)har160284215</subfield>
  </datafield>
  <datafield tag="040" ind1=" " ind2=" ">
    <subfield code="a">DLC</subfield>
    <subfield code="b">eng</subfield>
    <subfield code="c">DLC</subfield>
    <subfield code="e">rda</subfield>
  </datafield>
  <datafield tag="041" ind1="0" ind2=" ">
    <subfield code="a">ger</subfield>
    <subfield code="a">eng</subfield>
  </datafield>
  <datafield tag="043" ind1=" " ind2=" ">
    <subfield code="a">e-sz---</subfield>
  </datafield>
  <datafield tag="050" ind1="0" ind2="0">
    <subfield code="a">MLCL 2019/40114</subfield>
  </datafield>
  <datafield tag="245" ind1="0" ind2="4">
    <subfield code="a">The air will not deny you :</subfield>
    <subfield code="b">Zürich im Zeichen einer anderen Globalität /</subfield>
    <subfield code="c">Daniel Kurjakovic, Franziska Koch, Lea Pfäffli (Hg.).</subfield>
  </datafield>
  <datafield tag="264" ind1=" " ind2="1">
    <subfield code="a">Zürich :</subfield>
    <subfield code="b">Diaphanes,</subfield>
    <subfield code="c">2016.</subfield>
  </datafield>
  <datafield tag="300" ind1=" " ind2=" ">
    <subfield code="a">208 pages :</subfield>
    <subfield code="b">illustrations (chiefly color) ;</subfield>
    <subfield code="c">32 cm +</subfield>
    <subfield code="e">1 leaf</subfield>
  </datafield>
  <datafield tag="336" ind1=" " ind2=" ">
    <subfield code="a">text</subfield>
    <subfield code="2">rdacontent</subfield>
  </datafield>
  <datafield tag="337" ind1=" " ind2=" ">
    <subfield code="a">unmediated</subfield>
    <subfield code="2">rdamedia</subfield>
  </datafield>
  <datafield tag="338" ind1=" " ind2=" ">
    <subfield code="a">volume</subfield>
    <subfield code="2">rdacarrier</subfield>
  </datafield>
  <datafield tag="546" ind1=" " ind2=" ">
    <subfield code="a">German, some English.</subfield>
  </datafield>
  <datafield tag="505" ind1="0" ind2="0">
    <subfield code="t">Kreisläufe --</subfield>
    <subfield code="t">&quot;Sign o&apos; the times&quot; --</subfield>
    <subfield code="t">DeNeutralize : O Sikavipe e Vaktesko te drabara --</subfield>
    <subfield code="t">Ein &apos;diagonaler Blick&apos; auf Globalität --</subfield>
    <subfield code="t">Ethnopsychoanalyse als Utopie : Sangha : Utoquai : Gesine Krüger --</subfield>
    <subfield code="t">Anorak in circulation : Sarfanguak : Europaallee Lea Pfäffli --</subfield>
    <subfield code="t">Schauplatz, Lichtzyklus, Erfahrung : Mali : Museum Rietberg Vittorio Santoro --</subfield>
    <subfield code="t">Blacklisted : all four corners of the world : Löwenbräu und Umgebung Uriel Orlow --</subfield>
    <subfield code="t">Zugriffe : Surinam : Johann Jacobs Museum knowbotiq --</subfield>
    <subfield code="t">Kampf und Inspiration : Geteilte Welt : Autonome Schule Zürich Aktivistinnen der ASZ --</subfield>
    <subfield code="t">Weisse Waren : &quot;Afrika&quot; [fiktiver Ort] : Limmatstr : Patricia Purtschert --</subfield>
    <subfield code="t">Kein Anschluss unter dieser Nummer : school of visual arts : Institut für Theorie : Lucie Kolb --</subfield>
    <subfield code="t">Die Klimakiste : X : Y Monika Dommann --</subfield>
    <subfield code="t">Macht und Expansion im Netzwerk : 43 Rixin Road : Pf ingstweidstr : Franz Krähenbühl, Barbara Preisig --</subfield>
    <subfield code="t">&apos;Haunted by Empire&apos; : Bombay : Bolleystrasse : Harald Fischer-Tiné --</subfield>
    <subfield code="t">Rauchende Quellen : Südafrika : Seebach Tim Zulauf --</subfield>
    <subfield code="t">Eine Archäologie der Erinnerung : Westpatagonien : Plattenstrasse 10 Sally Schonfeldt --</subfield>
    <subfield code="t">Looking for Paul Feyerabend : Universität Konstanz : Bernried am Starnberger See : ETH Zürich Roland Lüthi, Ursula Sulser --</subfield>
    <subfield code="t">Enquanto houver bambu, vai ter flecha : Bahia : Johann Jacobs Museum Sophia Prinz (annotated by Marcelo Rezende) --</subfield>
    <subfield code="t">Rassenhygiene auf neutralem Terrain : Reichsministerium des Inneren : Hotel Dolder : Pascal Germann --</subfield>
    <subfield code="t">Besuch vom Neutrum Eva Meyer --</subfield>
    <subfield code="t">Kulturkreis 9 : Ein Chronotop der postmigrantischen Stadt : Bahnhof Altstetten Kijan Espahangizi --</subfield>
    <subfield code="t">Checkpoint Ziegelbrücke : Chur : Berggasthaus Glattalp : Villa Patumbah : Katharina Morawek, Dominik Gross --</subfield>
    <subfield code="t">Der Zürcher Black Atlantio : St. Croix : Credit Suisse Konrad J. Kuhn --</subfield>
    <subfield code="t">Are you an underground? : a ship&apos;s deck or a terrace : Gerichtete Blicke : Unterbrechungen : Romy Rüegger --</subfield>
    <subfield code="t">Strahlende Lichter im : Investmentuniversum : Malaysia : Indonesien : Borneo : Papua New Guinea : Kambodscha : Laos : Paradeplatz : Ines Doujak, John Barker --</subfield>
    <subfield code="t">Den FIFA-Skandal übersetzen New Dehli : Hallenstadion Souvik Naha --</subfield>
    <subfield code="t">Reine Körper und reine Kunst : Tempel &apos;EI Kharman&apos; : Museum Rietberg Andreas Zangger --</subfield>
    <subfield code="t">&quot;Noch niemand, der die Wahrheit : suchte, hat sie nackt erwischt&quot; : Robert Me nasse, Catherine Hug --</subfield>
    <subfield code="t">Das IKRK und die Kanonen der : nigerianischen Streitkräfte Lagos : Oerlikon Lea Haller --</subfield>
    <subfield code="t">IT-Nomaden : Mumbai : Oerlikon Rohit Jain --</subfield>
    <subfield code="t">Tarnungen und Mythen : Koyo Kouoh --</subfield>
    <subfield code="t">Goldrausch und Kulturrevolution : Pretoria : Paradeplatz Jakob Tanner --</subfield>
    <subfield code="g">Biografien --</subfield>
    <subfield code="g">Impressum.</subfield>
  </datafield>
  <datafield tag="653" ind1="0" ind2=" ">
    <subfield code="a">Zurich (Switzerland) ;</subfield>
    <subfield code="a">art and globalization ;</subfield>
    <subfield code="a">urban life ;</subfield>
    <subfield code="a">social equality</subfield>
  </datafield>
  <datafield tag="700" ind1="1" ind2=" ">
    <subfield code="a">Kurjaković, Daniel,</subfield>
    <subfield code="e">editor.</subfield>
  </datafield>
  <datafield tag="700" ind1="1" ind2=" ">
    <subfield code="a">Koch, Franziska,</subfield>
    <subfield code="e">editor.</subfield>
  </datafield>
  <datafield tag="700" ind1="1" ind2=" ">
    <subfield code="a">Pfäffli, Lea,</subfield>
    <subfield code="e">editor.</subfield>
  </datafield>
  <datafield tag="923" ind1=" " ind2=" ">
    <subfield code="d">20160804</subfield>
    <subfield code="n">0114006</subfield>
    <subfield code="s">GyWOH</subfield>
  </datafield>
  <datafield tag="985" ind1=" " ind2=" ">
    <subfield code="e">VENDOR LOAD</subfield>
  </datafield>
</record>