
<record>
  <leader>01435cam a22002777i 4500</leader>
  <controlfield tag="001">19235663</controlfield>
  <controlfield tag="005">20200103121230.0</controlfield>
  <controlfield tag="008">160818s2015    hu a          000 0 mul  </controlfield>
  <datafield tag="906" ind1=" " ind2=" ">
    <subfield code="a">7</subfield>
    <subfield code="b">cbc</subfield>
    <subfield code="c">orignew</subfield>
    <subfield code="d">4</subfield>
    <subfield code="e">ncip</subfield>
    <subfield code="f">20</subfield>
    <subfield code="g">y-gencatlg</subfield>
  </datafield>
  <datafield tag="925" ind1="0" ind2=" ">
    <subfield code="a">acquire</subfield>
    <subfield code="b">1 shelf copy</subfield>
    <subfield code="x">policy default</subfield>
  </datafield>
  <datafield tag="955" ind1=" " ind2=" ">
    <subfield code="b">fg05 2016-08-18</subfield>
    <subfield code="a">fc00 2016-08-18 to GS/ECE</subfield>
    <subfield code="h">fc11 2016-10-21 telework to shelf</subfield>
    <subfield code="a">ff05 2017-08-03 NAP Project update (245)</subfield>
  </datafield>
  <datafield tag="010" ind1=" " ind2=" ">
    <subfield code="a">  2016447776</subfield>
  </datafield>
  <datafield tag="020" ind1=" " ind2=" ">
    <subfield code="a">9786158025119</subfield>
  </datafield>
  <datafield tag="040" ind1=" " ind2=" ">
    <subfield code="a">DLC</subfield>
    <subfield code="b">eng</subfield>
    <subfield code="c">DLC</subfield>
    <subfield code="e">rda</subfield>
  </datafield>
  <datafield tag="041" ind1="0" ind2=" ">
    <subfield code="a">eng</subfield>
    <subfield code="a">ger</subfield>
    <subfield code="a">hun</subfield>
  </datafield>
  <datafield tag="050" ind1="0" ind2="0">
    <subfield code="a">MLCM 2016/42962 (T)</subfield>
  </datafield>
  <datafield tag="100" ind1="1" ind2=" ">
    <subfield code="a">Lukácsi, Ákos,</subfield>
    <subfield code="e">photographer.</subfield>
  </datafield>
  <datafield tag="245" ind1="1" ind2="0">
    <subfield code="a">Eszterházy pince /</subfield>
    <subfield code="c">bevezető, Sághy Kálmán ; a kiadványt tervezte és fényképezte, Lukácsi Ákos ; fordítás, Kocsisné Möckel Sandra =</subfield>
    <subfield code="b">Eszterházy wine cellar / introduction, Sághy Kálmán; plan and photographs by, Lukácsi Ákos ; translation, Kocsisné Möckel Sandra = Weinkeller /Einleitung, Sághy Kálmán ; Planung und Bilder Erstellt von, Lukácsi Ákos ; Übersetzung, Kocsisné Möckel Sandra.</subfield>
  </datafield>
  <datafield tag="264" ind1=" " ind2="1">
    <subfield code="a">Szigliget :</subfield>
    <subfield code="b">Calendula Könyvkiadó,</subfield>
    <subfield code="c">2015.</subfield>
  </datafield>
  <datafield tag="300" ind1=" " ind2=" ">
    <subfield code="a">34 pages :</subfield>
    <subfield code="b">chiefly illustrations ;</subfield>
    <subfield code="c">23 cm</subfield>
  </datafield>
  <datafield tag="336" ind1=" " ind2=" ">
    <subfield code="a">text</subfield>
    <subfield code="b">txt</subfield>
    <subfield code="2">rdacontent</subfield>
  </datafield>
  <datafield tag="337" ind1=" " ind2=" ">
    <subfield code="a">unmediated</subfield>
    <subfield code="b">n</subfield>
    <subfield code="2">rdamedia</subfield>
  </datafield>
  <datafield tag="338" ind1=" " ind2=" ">
    <subfield code="a">volume</subfield>
    <subfield code="b">nc</subfield>
    <subfield code="2">rdacarrier</subfield>
  </datafield>
  <datafield tag="546" ind1=" " ind2=" ">
    <subfield code="a">Text in English, German, and Hungarian.</subfield>
  </datafield>
  <datafield tag="653" ind1=" " ind2=" ">
    <subfield code="a">Wine cellars;</subfield>
    <subfield code="a">Photography</subfield>
  </datafield>
  <datafield tag="700" ind1="1" ind2=" ">
    <subfield code="a">Sághy, Kálmán,</subfield>
    <subfield code="e">author.</subfield>
  </datafield>
</record>