
<record>
  <leader>02636cam a22004217i 4500</leader>
  <controlfield tag="001">19244773</controlfield>
  <controlfield tag="005">20200103150805.0</controlfield>
  <controlfield tag="008">160823s2016    enka     b    001 0 eng c</controlfield>
  <datafield tag="906" ind1=" " ind2=" ">
    <subfield code="a">7</subfield>
    <subfield code="b">cbc</subfield>
    <subfield code="c">pccadap</subfield>
    <subfield code="d">2</subfield>
    <subfield code="e">ncip</subfield>
    <subfield code="f">20</subfield>
    <subfield code="g">y-gencatlg</subfield>
  </datafield>
  <datafield tag="925" ind1="0" ind2=" ">
    <subfield code="a">acquire</subfield>
    <subfield code="b">1 shelf copies</subfield>
    <subfield code="x">policy default</subfield>
  </datafield>
  <datafield tag="955" ind1=" " ind2=" ">
    <subfield code="b">rm08 2017-10-14 z-processor</subfield>
    <subfield code="i">rm06 2017-10-19 to Dewey</subfield>
    <subfield code="w">xm06 2018-02-16</subfield>
  </datafield>
  <datafield tag="955" ind1=" " ind2=" ">
    <subfield code="a">pc25 2016-08-23</subfield>
  </datafield>
  <datafield tag="010" ind1=" " ind2=" ">
    <subfield code="a">  2016952059</subfield>
  </datafield>
  <datafield tag="020" ind1=" " ind2=" ">
    <subfield code="a">1848219814</subfield>
  </datafield>
  <datafield tag="020" ind1=" " ind2=" ">
    <subfield code="a">9781848219816</subfield>
  </datafield>
  <datafield tag="035" ind1=" " ind2=" ">
    <subfield code="a">(OCoLC)ocn961009387</subfield>
  </datafield>
  <datafield tag="040" ind1=" " ind2=" ">
    <subfield code="a">YDX</subfield>
    <subfield code="b">eng</subfield>
    <subfield code="c">YDX</subfield>
    <subfield code="e">rda</subfield>
    <subfield code="d">BDX</subfield>
    <subfield code="d">OCLCQ</subfield>
    <subfield code="d">BTCTA</subfield>
    <subfield code="d">INU</subfield>
    <subfield code="d">NOC</subfield>
    <subfield code="d">OCLCF</subfield>
    <subfield code="d">W2U</subfield>
    <subfield code="d">DLC</subfield>
  </datafield>
  <datafield tag="050" ind1="0" ind2="0">
    <subfield code="a">HD66</subfield>
    <subfield code="b">.B685 2016</subfield>
  </datafield>
  <datafield tag="082" ind1="0" ind2="0">
    <subfield code="a">658.4/038</subfield>
    <subfield code="2">23</subfield>
  </datafield>
  <datafield tag="100" ind1="1" ind2=" ">
    <subfield code="a">Bouvard, Patricia,</subfield>
    <subfield code="d">1960-</subfield>
    <subfield code="e">author.</subfield>
  </datafield>
  <datafield tag="245" ind1="1" ind2="0">
    <subfield code="a">Collective intelligence development in business /</subfield>
    <subfield code="c">Patricia Bouvard, Hervé Suzanne.</subfield>
  </datafield>
  <datafield tag="264" ind1=" " ind2="1">
    <subfield code="a">London :</subfield>
    <subfield code="b">ISTE ;</subfield>
    <subfield code="a">Hoboken, NJ :</subfield>
    <subfield code="b">Wiley,</subfield>
    <subfield code="c">2016.</subfield>
  </datafield>
  <datafield tag="300" ind1=" " ind2=" ">
    <subfield code="a">xv, 344 pages :</subfield>
    <subfield code="b">illustrations ;</subfield>
    <subfield code="c">24 cm.</subfield>
  </datafield>
  <datafield tag="336" ind1=" " ind2=" ">
    <subfield code="a">text</subfield>
    <subfield code="b">txt</subfield>
    <subfield code="2">rdacontent</subfield>
  </datafield>
  <datafield tag="337" ind1=" " ind2=" ">
    <subfield code="a">unmediated</subfield>
    <subfield code="b">n</subfield>
    <subfield code="2">rdamedia</subfield>
  </datafield>
  <datafield tag="338" ind1=" " ind2=" ">
    <subfield code="a">volume</subfield>
    <subfield code="b">nc</subfield>
    <subfield code="2">rdacarrier</subfield>
  </datafield>
  <datafield tag="490" ind1="0" ind2=" ">
    <subfield code="a">Information systems, web and pervasive computing series</subfield>
  </datafield>
  <datafield tag="504" ind1=" " ind2=" ">
    <subfield code="a">Includes bibliographical references (pages 339-341) and index.</subfield>
  </datafield>
  <datafield tag="505" ind1="0" ind2=" ">
    <subfield code="a">Relevance and Foundations of Collective Intelligence -- People: The Heart of the Collective Intelligence Development Process -- Developing Collective Intelligence: Understanding People and Diversity -- What is Leadership? A Note on Works about Leadership and a Tentative Definition of Leadership -- Postures and Roles of a Leader to Develop Collective Intelligence -- The Skills of a Leader in the Service of Collective Intelligence -- Conclusion -- Bibliography -- Index -- Other titles from iSTE in Cognitive Science and Knowledge Management.</subfield>
  </datafield>
  <datafield tag="520" ind1=" " ind2=" ">
    <subfield code="a">This book analyses the development of Collective Intelligence by a better knowledge of the diversity of the temperaments and behavioural and relational processes. The purpose is to help the reader become a better Collective Intelligence Leader, who will be able to capitalize on the specificities and the differences of the individuals present in its collective, and transform these differences into complementarities, which are a source of wealth.</subfield>
  </datafield>
  <datafield tag="650" ind1=" " ind2="0">
    <subfield code="a">Teams in the workplace.</subfield>
  </datafield>
  <datafield tag="650" ind1=" " ind2="0">
    <subfield code="a">Organizational learning.</subfield>
  </datafield>
  <datafield tag="650" ind1=" " ind2="0">
    <subfield code="a">Leadership.</subfield>
  </datafield>
  <datafield tag="650" ind1=" " ind2="0">
    <subfield code="a">Business communication.</subfield>
  </datafield>
  <datafield tag="650" ind1=" " ind2="7">
    <subfield code="a">Teams in the workplace.</subfield>
    <subfield code="2">fast</subfield>
    <subfield code="0">(OCoLC)fst01144679</subfield>
  </datafield>
  <datafield tag="700" ind1="1" ind2=" ">
    <subfield code="a">Suzanne, Hervé,</subfield>
    <subfield code="e">author.</subfield>
  </datafield>
  <datafield tag="830" ind1=" " ind2="0">
    <subfield code="a">Information systems, web and pervasive computing series.</subfield>
  </datafield>
  <datafield tag="963" ind1=" " ind2=" ">
    <subfield code="a">Fiona Middleton; phone: (201) 7486329; email: f.middleton@iste.co.uk; bc: r.menasce@iste.co.uk</subfield>
  </datafield>
</record>