
<record>
  <leader>02395cam a2200373 i 4500</leader>
  <controlfield tag="001">19245431</controlfield>
  <controlfield tag="005">20200103174436.0</controlfield>
  <controlfield tag="008">160621s2012    ag a     b    000 0 spa d</controlfield>
  <datafield tag="906" ind1=" " ind2=" ">
    <subfield code="a">0</subfield>
    <subfield code="b">ibc</subfield>
    <subfield code="c">copycat</subfield>
    <subfield code="d">3</subfield>
    <subfield code="e">ncip</subfield>
    <subfield code="f">20</subfield>
    <subfield code="g">y-gencatlg</subfield>
  </datafield>
  <datafield tag="925" ind1="0" ind2=" ">
    <subfield code="a">acquire</subfield>
    <subfield code="b">1 shelf copy</subfield>
    <subfield code="x">policy default</subfield>
  </datafield>
  <datafield tag="955" ind1=" " ind2=" ">
    <subfield code="a">gc00 2016-08-24 item has been shipped</subfield>
    <subfield code="a">bg12 2016-10-11 item received, to sb01</subfield>
    <subfield code="c">bg10 2020-01-03 (telework) NAR</subfield>
  </datafield>
  <datafield tag="955" ind1=" " ind2=" ">
    <subfield code="a">GC02</subfield>
    <subfield code="a">bg12 2016-10-11 item received, to sb01</subfield>
  </datafield>
  <datafield tag="010" ind1=" " ind2=" ">
    <subfield code="a">  2016365746</subfield>
  </datafield>
  <datafield tag="020" ind1=" " ind2=" ">
    <subfield code="a">9789872895402</subfield>
  </datafield>
  <datafield tag="035" ind1=" " ind2=" ">
    <subfield code="a">(AR-BaFGC)0-169526/0</subfield>
  </datafield>
  <datafield tag="040" ind1=" " ind2=" ">
    <subfield code="a">AR-BaFGC</subfield>
    <subfield code="b">eng</subfield>
    <subfield code="c">AR-BaFGC</subfield>
    <subfield code="e">rda</subfield>
    <subfield code="d">DLC</subfield>
  </datafield>
  <datafield tag="042" ind1=" " ind2=" ">
    <subfield code="a">lccopycat</subfield>
  </datafield>
  <datafield tag="043" ind1=" " ind2=" ">
    <subfield code="a">s-ag---</subfield>
  </datafield>
  <datafield tag="050" ind1="0" ind2="0">
    <subfield code="a">HD9579.C34</subfield>
    <subfield code="b">A745 2012</subfield>
  </datafield>
  <datafield tag="245" ind1="0" ind2="0">
    <subfield code="a">Diseño, identidad y sentido :</subfield>
    <subfield code="b">objeto y signos de YPF (1920-1940) /</subfield>
    <subfield code="c">Javier De Ponti (dir.) ; Alejandra Gaudio, Laura Fuertes, Cinthia Popoo, Silvana Nessi.</subfield>
  </datafield>
  <datafield tag="264" ind1=" " ind2="1">
    <subfield code="a">La Plata, República Argentina :</subfield>
    <subfield code="b">Dicere,</subfield>
    <subfield code="c">[2012]</subfield>
  </datafield>
  <datafield tag="300" ind1=" " ind2=" ">
    <subfield code="a">117 pages :</subfield>
    <subfield code="b">illustrations ;</subfield>
    <subfield code="c">21 cm</subfield>
  </datafield>
  <datafield tag="336" ind1=" " ind2=" ">
    <subfield code="a">text</subfield>
    <subfield code="2">rdacontent</subfield>
  </datafield>
  <datafield tag="337" ind1=" " ind2=" ">
    <subfield code="a">unmediated</subfield>
    <subfield code="2">rdamedia</subfield>
  </datafield>
  <datafield tag="338" ind1=" " ind2=" ">
    <subfield code="a">volume</subfield>
    <subfield code="2">rdacarrier</subfield>
  </datafield>
  <datafield tag="504" ind1=" " ind2=" ">
    <subfield code="a">Includes bibliographical references (pages 107-114).</subfield>
  </datafield>
  <datafield tag="505" ind1="0" ind2=" ">
    <subfield code="a">Enrique Mosconi: identidad y estrategia en una empresa estatal / Cinthia Popoo -- La conformación de la identidad entre 1930 y 1940 / Javier De Ponti, Alejandra Gaudio, Laura Fuertes -- Del momento constitutivo a la consolidación: línea de tiempo / Alejandra Gaudio, Javier De Ponti, Cinthia Popoo -- Hitos de identidad: línea de tiempo / Cinthia Popoo, Silvana Nessi, Alejandra Gaudio -- Elementos de identidad en los modelos técnicos gráficos elaborados en YPF en su etapa constitutiva / Laura Fuertes, Javier De Ponti -- Notas sobre la cultura material, YPF (1922-1940) / Alejandra Gaudio, Javier de Ponti, Laura Fuertes -- Continuidads formales en signos de agencias del Estado argentino entre 1920 y 1950 / Javier De Ponti, Silvana Nessi, Alejandra Gaudio, Cinthia Popoo.</subfield>
  </datafield>
  <datafield tag="610" ind1="1" ind2="0">
    <subfield code="a">Argentina.</subfield>
    <subfield code="b">Dirección General de Yacimientos Petrolíferos Fiscales</subfield>
    <subfield code="x">Trademarks.</subfield>
  </datafield>
  <datafield tag="650" ind1=" " ind2="0">
    <subfield code="a">Petroleum chemical industries</subfield>
    <subfield code="z">Argentina</subfield>
    <subfield code="x">Trademarks.</subfield>
  </datafield>
  <datafield tag="700" ind1="1" ind2=" ">
    <subfield code="a">De Ponti, Javier,</subfield>
    <subfield code="e">editor,</subfield>
    <subfield code="e">author.</subfield>
  </datafield>
  <datafield tag="700" ind1="1" ind2="2">
    <subfield code="a">Gaudio, Alejandra,</subfield>
    <subfield code="d">1965-</subfield>
    <subfield code="t">Notas sobre la cultura material, YPF (1922-1940)</subfield>
    <subfield code="i">Container of (work):</subfield>
  </datafield>
  <datafield tag="856" ind1="4" ind2="1">
    <subfield code="u">http://core.cambeiro.com.ar/0-169526-0.pdf</subfield>
  </datafield>
  <datafield tag="923" ind1=" " ind2=" ">
    <subfield code="d">20160721</subfield>
    <subfield code="n">10669</subfield>
    <subfield code="s">AR-BaFGC</subfield>
  </datafield>
  <datafield tag="985" ind1=" " ind2=" ">
    <subfield code="e">GC-FY16</subfield>
  </datafield>
</record>