
<record>
  <leader>03101cam a2200397 i 4500</leader>
  <controlfield tag="001">19249854</controlfield>
  <controlfield tag="005">20200103150058.0</controlfield>
  <controlfield tag="008">160826s2016    nyu           000 1 eng  </controlfield>
  <datafield tag="906" ind1=" " ind2=" ">
    <subfield code="a">7</subfield>
    <subfield code="b">cbc</subfield>
    <subfield code="c">orignew</subfield>
    <subfield code="d">1</subfield>
    <subfield code="e">ecip</subfield>
    <subfield code="f">20</subfield>
    <subfield code="g">y-gencatlg</subfield>
  </datafield>
  <datafield tag="925" ind1="0" ind2=" ">
    <subfield code="a">Acquire</subfield>
    <subfield code="b">1 shelf copy</subfield>
    <subfield code="x">policy default</subfield>
  </datafield>
  <datafield tag="955" ind1=" " ind2=" ">
    <subfield code="b">xk15 2016-08-26 (telework)</subfield>
    <subfield code="i">xk15 2016-08-26 ONIX (telework) to CIP</subfield>
    <subfield code="a">xn12 2017-02-24 1 copy rec&apos;d., to CIP ver.</subfield>
    <subfield code="f">xk12 2017-03-28 c. 1 to CALM</subfield>
  </datafield>
  <datafield tag="010" ind1=" " ind2=" ">
    <subfield code="a">  2016030520</subfield>
  </datafield>
  <datafield tag="020" ind1=" " ind2=" ">
    <subfield code="a">9780451475336 (hardcover : acid-free paper)</subfield>
  </datafield>
  <datafield tag="020" ind1=" " ind2=" ">
    <subfield code="z">9780698193284 (ebook)</subfield>
  </datafield>
  <datafield tag="040" ind1=" " ind2=" ">
    <subfield code="a">DLC</subfield>
    <subfield code="b">eng</subfield>
    <subfield code="c">DLC</subfield>
    <subfield code="e">rda</subfield>
    <subfield code="d">DLC</subfield>
  </datafield>
  <datafield tag="042" ind1=" " ind2=" ">
    <subfield code="a">pcc</subfield>
  </datafield>
  <datafield tag="050" ind1="0" ind2="0">
    <subfield code="a">PS3623.A73227</subfield>
    <subfield code="b">B58 2016</subfield>
  </datafield>
  <datafield tag="082" ind1="0" ind2="0">
    <subfield code="a">813/.6</subfield>
    <subfield code="2">23</subfield>
  </datafield>
  <datafield tag="084" ind1=" " ind2=" ">
    <subfield code="a">FIC027120</subfield>
    <subfield code="a">FIC009050</subfield>
    <subfield code="a">FIC027030</subfield>
    <subfield code="2">bisacsh</subfield>
  </datafield>
  <datafield tag="100" ind1="1" ind2=" ">
    <subfield code="a">Ward, J. R.,</subfield>
    <subfield code="d">1969-</subfield>
    <subfield code="e">author.</subfield>
  </datafield>
  <datafield tag="245" ind1="1" ind2="0">
    <subfield code="a">Blood vow /</subfield>
    <subfield code="c">J.R. Ward.</subfield>
  </datafield>
  <datafield tag="250" ind1=" " ind2=" ">
    <subfield code="a">Fisrt Edition.</subfield>
  </datafield>
  <datafield tag="264" ind1=" " ind2="1">
    <subfield code="a">New York :</subfield>
    <subfield code="b">Ballantine Books,</subfield>
    <subfield code="c">[2016]</subfield>
  </datafield>
  <datafield tag="300" ind1=" " ind2=" ">
    <subfield code="a">459 pages ;</subfield>
    <subfield code="c">24 cm.</subfield>
  </datafield>
  <datafield tag="336" ind1=" " ind2=" ">
    <subfield code="a">text</subfield>
    <subfield code="b">txt</subfield>
    <subfield code="2">rdacontent</subfield>
  </datafield>
  <datafield tag="337" ind1=" " ind2=" ">
    <subfield code="a">unmediated</subfield>
    <subfield code="b">n</subfield>
    <subfield code="2">rdamedia</subfield>
  </datafield>
  <datafield tag="338" ind1=" " ind2=" ">
    <subfield code="a">volume</subfield>
    <subfield code="b">nc</subfield>
    <subfield code="2">rdacarrier</subfield>
  </datafield>
  <datafield tag="490" ind1="0" ind2=" ">
    <subfield code="a">Black Dagger legacy</subfield>
  </datafield>
  <datafield tag="520" ind1=" " ind2=" ">
    <subfield code="a">&quot;#1 New York Times bestselling author J. R. Ward returns with an all-new tale of paranormal passion in the world of the Black Dagger Brotherhood.  The Black Dagger Brotherhood continues to train the best of the best to join them in the deadly battle against the Lessening Society. Among the new recruits, Axe proves to be a cunning and vicious fighter--and also a loner isolated because of personal tragedy. When an aristocratic female needs a bodyguard, Axe takes the job, though he&apos;s unprepared for the animal attraction that flares between him and the one he is sworn to protect. For Elise, who lost her first cousin to a grisly murder, Axe&apos;s dangerous appeal is enticing--and possibly a distraction from her grief. But as they delve deeper into her cousin&apos;s death, and their physical connection grows into so much more, Axe fears that the secrets he keeps and his tortured conscience will tear them apart. Rhage, the Brother with the biggest heart, knows all about self-punishing, and he wants to help Axe reach his full potential. But when an unexpected arrival threatens Rhage and Mary&apos;s new family, he finds himself back in the trenches again, fighting against a destiny that will destroy all he holds most dear.  As Axe&apos;s past becomes known, and fate seems to be turning against Rhage, both males must reach deep--and pray that love, rather than anger, will be their lantern in the darkness. Praise for J. R. Ward&apos;s Black Dagger Brotherhood series &quot;Utterly absorbing.&quot;--Angela Knight &quot;To die for. I love this series!&quot;--Suzanne Brockmann&quot;--</subfield>
    <subfield code="c">Provided by publisher.</subfield>
  </datafield>
  <datafield tag="655" ind1=" " ind2="0">
    <subfield code="a">Paranormal romance stories.</subfield>
  </datafield>
  <datafield tag="650" ind1=" " ind2="7">
    <subfield code="a">FICTION / Romance / Paranormal.</subfield>
    <subfield code="2">bisacsh</subfield>
  </datafield>
  <datafield tag="650" ind1=" " ind2="7">
    <subfield code="a">FICTION / Fantasy / Paranormal.</subfield>
    <subfield code="2">bisacsh</subfield>
  </datafield>
  <datafield tag="650" ind1=" " ind2="7">
    <subfield code="a">FICTION / Romance / Fantasy.</subfield>
    <subfield code="2">bisacsh</subfield>
  </datafield>
  <datafield tag="655" ind1=" " ind2="7">
    <subfield code="a">Fantasy fiction.</subfield>
    <subfield code="2">gsafd</subfield>
  </datafield>
  <datafield tag="655" ind1=" " ind2="7">
    <subfield code="a">Love stories.</subfield>
    <subfield code="2">gsafd</subfield>
  </datafield>
  <datafield tag="776" ind1="0" ind2="8">
    <subfield code="i">Online version:</subfield>
    <subfield code="a">Ward, J. R., 1969- author.</subfield>
    <subfield code="t">Blood vow</subfield>
    <subfield code="b">Fisrt edition.</subfield>
    <subfield code="d">New York : Ballantine Books, [2016]</subfield>
    <subfield code="z">9780698193284</subfield>
    <subfield code="w">(DLC) 2016039795</subfield>
  </datafield>
</record>