
<record>
  <leader>02046cam a22003617i 4500</leader>
  <controlfield tag="001">19250740</controlfield>
  <controlfield tag="005">20200103121234.0</controlfield>
  <controlfield tag="008">160822s2015    be            000 0 eng  </controlfield>
  <datafield tag="906" ind1=" " ind2=" ">
    <subfield code="a">7</subfield>
    <subfield code="b">cbc</subfield>
    <subfield code="c">origres</subfield>
    <subfield code="d">3</subfield>
    <subfield code="e">ncip</subfield>
    <subfield code="f">20</subfield>
    <subfield code="g">y-gencatlg</subfield>
  </datafield>
  <datafield tag="925" ind1="0" ind2=" ">
    <subfield code="a">acquire</subfield>
    <subfield code="b">1 shelf copy</subfield>
    <subfield code="x">policy default</subfield>
  </datafield>
  <datafield tag="955" ind1=" " ind2=" ">
    <subfield code="b">BD25 2017-03-14</subfield>
    <subfield code="b">bc12 2018-06-18 z-processor (telework)</subfield>
    <subfield code="i">bc12 2018-07-25 (telework) (overtime)</subfield>
    <subfield code="a">ti38 2018-08-06</subfield>
  </datafield>
  <datafield tag="010" ind1=" " ind2=" ">
    <subfield code="a">  2016521351</subfield>
  </datafield>
  <datafield tag="020" ind1=" " ind2=" ">
    <subfield code="a">9789042932555</subfield>
  </datafield>
  <datafield tag="020" ind1=" " ind2=" ">
    <subfield code="a">9042932554</subfield>
  </datafield>
  <datafield tag="040" ind1=" " ind2=" ">
    <subfield code="a">DLC</subfield>
    <subfield code="b">eng</subfield>
    <subfield code="e">rda</subfield>
    <subfield code="c">DLC</subfield>
  </datafield>
  <datafield tag="050" ind1="0" ind2="0">
    <subfield code="a">CC79.5.H85</subfield>
    <subfield code="b">B49 2015</subfield>
  </datafield>
  <datafield tag="245" ind1="0" ind2="0">
    <subfield code="a">Beyond the grave.</subfield>
    <subfield code="c">Marjolein van der Waa, Toon Bongers, Sam Cleymans, Liesbeth Massagé, Ellen Vervoort.</subfield>
  </datafield>
  <datafield tag="260" ind1=" " ind2=" ">
    <subfield code="a">Leuven :</subfield>
    <subfield code="b">Peeters Publishers</subfield>
    <subfield code="c">2016.</subfield>
  </datafield>
  <datafield tag="300" ind1=" " ind2=" ">
    <subfield code="a">93 pages ;</subfield>
    <subfield code="c">24 cm.</subfield>
  </datafield>
  <datafield tag="336" ind1=" " ind2=" ">
    <subfield code="a">text</subfield>
    <subfield code="b">txt</subfield>
    <subfield code="2">rdacontent</subfield>
  </datafield>
  <datafield tag="337" ind1=" " ind2=" ">
    <subfield code="a">unmediated</subfield>
    <subfield code="b">n</subfield>
    <subfield code="2">rdamedia</subfield>
  </datafield>
  <datafield tag="338" ind1=" " ind2=" ">
    <subfield code="a">volume</subfield>
    <subfield code="b">nc</subfield>
    <subfield code="2">rdacarrier</subfield>
  </datafield>
  <datafield tag="520" ind1="8" ind2=" ">
    <subfield code="a">Alfa Archeologie en de Centrale Bibliotheek Leuven nemen je mee op reis: naar het verre verleden van de lang vergane doden, die zorgvuldig door hun nabestaanden werden voorbereid op het hiernamaals. Begrafenisrituelen uit het verleden van de Lage Landen staan in deze publicatie centraal, evenals de informatie die uit de menselijke resten zelf kan worden gehaald. Doorheen een scala aan onderwerpen wordt een unieke kijk geboden achter de schermen van de archeoloog en de fysische antropoloog. Hoe begroeven de nu doden hun eigen doden? Wat valt er af te lezen van hun botten? Welke ziekten hadden hun weerslag op skeletten? Op deze vragen en meer wordt een antwoord geboden in deze overzichtelijke publicatie over de archeologie &apos;Beyond the grave&apos;. 00Exhibition: University Library KU, Leuven, Belgium (28.04-13.06.2015).</subfield>
  </datafield>
  <datafield tag="650" ind1=" " ind2="0">
    <subfield code="a">Excavations (Archaeology)</subfield>
  </datafield>
  <datafield tag="650" ind1=" " ind2="0">
    <subfield code="a">Human remains (Archaeology)</subfield>
  </datafield>
  <datafield tag="650" ind1=" " ind2="0">
    <subfield code="a">Burial.</subfield>
  </datafield>
  <datafield tag="700" ind1="1" ind2=" ">
    <subfield code="a">Waa, Marjolein van der.</subfield>
  </datafield>
  <datafield tag="700" ind1="1" ind2=" ">
    <subfield code="a">Bongers, Toon.</subfield>
  </datafield>
  <datafield tag="700" ind1="1" ind2=" ">
    <subfield code="a">Cleymans, Sam.</subfield>
  </datafield>
  <datafield tag="700" ind1="1" ind2=" ">
    <subfield code="a">Massagé, Liesbeth.</subfield>
  </datafield>
  <datafield tag="700" ind1="1" ind2=" ">
    <subfield code="a">Vervoort, Ellen.</subfield>
  </datafield>
  <datafield tag="923" ind1=" " ind2=" ">
    <subfield code="d">20160822</subfield>
    <subfield code="n">60026212</subfield>
    <subfield code="s">Erasmus</subfield>
  </datafield>
  <datafield tag="985" ind1=" " ind2=" ">
    <subfield code="e">VENDOR LOAD</subfield>
  </datafield>
</record>