
<record>
  <leader>02846cam a22003617i 4500</leader>
  <controlfield tag="001">19256743</controlfield>
  <controlfield tag="005">20200103150807.0</controlfield>
  <controlfield tag="008">160831s2016    utu    e b    001 0 eng c</controlfield>
  <datafield tag="906" ind1=" " ind2=" ">
    <subfield code="a">7</subfield>
    <subfield code="b">cbc</subfield>
    <subfield code="c">pccadap</subfield>
    <subfield code="d">2</subfield>
    <subfield code="e">ncip</subfield>
    <subfield code="f">20</subfield>
    <subfield code="g">y-gencatlg</subfield>
  </datafield>
  <datafield tag="925" ind1="0" ind2=" ">
    <subfield code="a">acquire</subfield>
    <subfield code="b">1 shelf copy</subfield>
    <subfield code="x">policy default</subfield>
  </datafield>
  <datafield tag="955" ind1=" " ind2=" ">
    <subfield code="b">rk07 2017-10-11 z-processor</subfield>
    <subfield code="i">rk07 2017-10-12 to dewey</subfield>
  </datafield>
  <datafield tag="010" ind1=" " ind2=" ">
    <subfield code="a">  2016952722</subfield>
  </datafield>
  <datafield tag="020" ind1=" " ind2=" ">
    <subfield code="a">9781589586321</subfield>
    <subfield code="q">(pbk.)</subfield>
  </datafield>
  <datafield tag="020" ind1=" " ind2=" ">
    <subfield code="a">1589586328</subfield>
    <subfield code="q">(pbk.)</subfield>
  </datafield>
  <datafield tag="035" ind1=" " ind2=" ">
    <subfield code="a">(OCoLC)ocn966975087</subfield>
  </datafield>
  <datafield tag="040" ind1=" " ind2=" ">
    <subfield code="a">UUC</subfield>
    <subfield code="b">eng</subfield>
    <subfield code="c">UUC</subfield>
    <subfield code="e">rda</subfield>
    <subfield code="d">UUC</subfield>
    <subfield code="d">UBY</subfield>
    <subfield code="d">YDX</subfield>
    <subfield code="d">BTCTA</subfield>
    <subfield code="d">UAB</subfield>
    <subfield code="d">DLC</subfield>
  </datafield>
  <datafield tag="050" ind1="0" ind2="0">
    <subfield code="a">BX8627</subfield>
    <subfield code="b">.S63 2016</subfield>
  </datafield>
  <datafield tag="100" ind1="1" ind2=" ">
    <subfield code="a">Spencer, Joseph M.,</subfield>
    <subfield code="e">author.</subfield>
  </datafield>
  <datafield tag="245" ind1="1" ind2="4">
    <subfield code="a">The vision of all :</subfield>
    <subfield code="b">twenty-five lectures on Isaiah in Nephi&apos;s record /</subfield>
    <subfield code="c">Joseph M. Spencer.</subfield>
  </datafield>
  <datafield tag="264" ind1=" " ind2="1">
    <subfield code="a">Salt Lake City, Utah :</subfield>
    <subfield code="b">Greg Kofford Books,</subfield>
    <subfield code="c">2016.</subfield>
  </datafield>
  <datafield tag="300" ind1=" " ind2=" ">
    <subfield code="a">x, 312 pages ;</subfield>
    <subfield code="c">23 cm.</subfield>
  </datafield>
  <datafield tag="336" ind1=" " ind2=" ">
    <subfield code="a">text</subfield>
    <subfield code="b">txt</subfield>
    <subfield code="2">rdacontent</subfield>
  </datafield>
  <datafield tag="337" ind1=" " ind2=" ">
    <subfield code="a">unmediated</subfield>
    <subfield code="b">n</subfield>
    <subfield code="2">rdamedia</subfield>
  </datafield>
  <datafield tag="338" ind1=" " ind2=" ">
    <subfield code="a">volume</subfield>
    <subfield code="b">nc</subfield>
    <subfield code="2">rdacarrier</subfield>
  </datafield>
  <datafield tag="490" ind1="1" ind2=" ">
    <subfield code="a">Contemporary studies in scripture</subfield>
  </datafield>
  <datafield tag="504" ind1=" " ind2=" ">
    <subfield code="a">Includes bibliographical references (pages 299-302) and indexes.</subfield>
  </datafield>
  <datafield tag="505" ind1="0" ind2=" ">
    <subfield code="a">Nephi&apos;s vision -- The Book of Isaiah -- Themes and strategies -- The more sacred part -- The nature of First Nephi -- Lehi as a reader of Isaiah -- Preliminaries to Isaiah 48-49 -- Isaiah 48-49 in summary -- Nephi&apos;s explanation of Isaiah -- Jacob&apos;s Isaiah -- A start on the Isaiah chapters -- Isaiah 2-5 -- Isaiah&apos;s vision of God -- Isaiah&apos;s commission -- The proclamation of the remnant -- Isaiah and the Messiah -- Isaiah 13-14 -- Nephi&apos;s comments on reading Isaiah -- Nephi&apos;s plain prophecy -- Approaching Isaiah -- Nephi&apos;s virtuostic conclusion -- Isaiah&apos;s big picture.</subfield>
  </datafield>
  <datafield tag="520" ind1=" " ind2=" ">
    <subfield code="a">&quot;In The Vision of All, Joseph Spencer draws on the best of biblical and Latter-day Saint scholarship to make sense of the so-called &quot;Isaiah chapters&quot; in the first two books of the Book of Mormon. Arguing that Isaiah lies at the very heart of Nephi&apos;s project, Spencer insists on demystifying the writings of Isaiah while nonetheless refusing to pretend that Isaiah is in any way easy to grasp. Presented as a series of down-to-earth lectures, The Vision of All outlines a comprehensive answer to the question of why Nephi was interested in Isaiah in the first place. Along the way, the book presents both a general approach to reading Isaiah in the Book of Mormon and a set of specific tactics for making sense of Isaiah&apos;s writings. For anyone interested in understanding what Isaiah is doing in the Book of Mormon, this is the place to start.&quot;--from publisher&apos;s website.</subfield>
  </datafield>
  <datafield tag="630" ind1="0" ind2="0">
    <subfield code="a">Book of Mormon.</subfield>
    <subfield code="p">Nephi, 2nd</subfield>
    <subfield code="x">Criticism, interpretation, etc.</subfield>
  </datafield>
  <datafield tag="630" ind1="0" ind2="0">
    <subfield code="a">Bible.</subfield>
    <subfield code="p">Isaiah</subfield>
    <subfield code="x">Criticism, interpretation, etc.</subfield>
  </datafield>
  <datafield tag="630" ind1="0" ind2="0">
    <subfield code="a">Book of Mormon</subfield>
    <subfield code="x">Relation to the Bible.</subfield>
  </datafield>
  <datafield tag="630" ind1="0" ind2="0">
    <subfield code="a">Bible.</subfield>
    <subfield code="p">Isaiah</subfield>
    <subfield code="x">Quotations in the Book of Mormon.</subfield>
  </datafield>
  <datafield tag="830" ind1=" " ind2="0">
    <subfield code="a">Contemporary studies in scripture.</subfield>
  </datafield>
</record>