
<record>
  <leader>03927cam a2200709 i 4500</leader>
  <controlfield tag="001">19259759</controlfield>
  <controlfield tag="005">20200103123106.0</controlfield>
  <controlfield tag="008">160902t20162016gw a     bm   000 0 eng d</controlfield>
  <datafield tag="906" ind1=" " ind2=" ">
    <subfield code="a">7</subfield>
    <subfield code="b">cbc</subfield>
    <subfield code="c">copycat</subfield>
    <subfield code="d">2</subfield>
    <subfield code="e">ncip</subfield>
    <subfield code="f">20</subfield>
    <subfield code="g">y-gencatlg</subfield>
  </datafield>
  <datafield tag="925" ind1="0" ind2=" ">
    <subfield code="a">acquire</subfield>
    <subfield code="b">1 shelf copy</subfield>
    <subfield code="x">policy default</subfield>
  </datafield>
  <datafield tag="955" ind1=" " ind2=" ">
    <subfield code="b">xn11 2016-09-02 z-processor to USPRLL</subfield>
    <subfield code="b">xk01 2019-06-11 z-processor</subfield>
    <subfield code="i">xk06 2020-01-03 to CALM</subfield>
  </datafield>
  <datafield tag="010" ind1=" " ind2=" ">
    <subfield code="a">  2016286053</subfield>
  </datafield>
  <datafield tag="016" ind1="7" ind2=" ">
    <subfield code="a">1067420169</subfield>
    <subfield code="2">DE-101</subfield>
  </datafield>
  <datafield tag="016" ind1="7" ind2=" ">
    <subfield code="a">018074207</subfield>
    <subfield code="2">Uk</subfield>
  </datafield>
  <datafield tag="020" ind1=" " ind2=" ">
    <subfield code="a">9783825364748</subfield>
    <subfield code="q">(hd. bd.)</subfield>
  </datafield>
  <datafield tag="020" ind1=" " ind2=" ">
    <subfield code="a">3825364747</subfield>
    <subfield code="q">(hd. bd.)</subfield>
  </datafield>
  <datafield tag="024" ind1="3" ind2=" ">
    <subfield code="a">9783825364748</subfield>
  </datafield>
  <datafield tag="035" ind1=" " ind2=" ">
    <subfield code="a">(OCoLC)ocn947279822</subfield>
  </datafield>
  <datafield tag="040" ind1=" " ind2=" ">
    <subfield code="a">OHX</subfield>
    <subfield code="b">eng</subfield>
    <subfield code="c">OHX</subfield>
    <subfield code="e">rda</subfield>
    <subfield code="d">BTCTA</subfield>
    <subfield code="d">YDXCP</subfield>
    <subfield code="d">HLS</subfield>
    <subfield code="d">OCLCO</subfield>
    <subfield code="d">OCLCF</subfield>
    <subfield code="d">OCLCO</subfield>
    <subfield code="d">HEBIS</subfield>
    <subfield code="d">OCLCQ</subfield>
    <subfield code="d">YDX</subfield>
    <subfield code="d">NUI</subfield>
    <subfield code="d">OCLCO</subfield>
    <subfield code="d">GSU</subfield>
    <subfield code="d">UKMGB</subfield>
    <subfield code="d">CUI</subfield>
    <subfield code="d">OCLCA</subfield>
    <subfield code="d">DLC</subfield>
  </datafield>
  <datafield tag="042" ind1=" " ind2=" ">
    <subfield code="a">lccopycat</subfield>
  </datafield>
  <datafield tag="050" ind1="0" ind2="0">
    <subfield code="a">PN1995.9.C65</subfield>
    <subfield code="b">M34 2016</subfield>
  </datafield>
  <datafield tag="072" ind1=" " ind2="7">
    <subfield code="a">PN</subfield>
    <subfield code="2">lcco</subfield>
  </datafield>
  <datafield tag="082" ind1="0" ind2="4">
    <subfield code="a">791.436556</subfield>
    <subfield code="2">23</subfield>
  </datafield>
  <datafield tag="100" ind1="1" ind2=" ">
    <subfield code="a">Mahlknecht, Johannes,</subfield>
    <subfield code="e">author.</subfield>
  </datafield>
  <datafield tag="245" ind1="1" ind2="0">
    <subfield code="a">Writing on the edge :</subfield>
    <subfield code="b">paratexts in narrative cinema /</subfield>
    <subfield code="c">Johannes Mahlknecht.</subfield>
  </datafield>
  <datafield tag="264" ind1=" " ind2="1">
    <subfield code="a">Heidelberg :</subfield>
    <subfield code="b">Universitätsverlag Winter,</subfield>
    <subfield code="c">[2016]</subfield>
  </datafield>
  <datafield tag="264" ind1=" " ind2="4">
    <subfield code="c">©2016</subfield>
  </datafield>
  <datafield tag="300" ind1=" " ind2=" ">
    <subfield code="a">179 pages :</subfield>
    <subfield code="b">illustrations ;</subfield>
    <subfield code="c">25 cm.</subfield>
  </datafield>
  <datafield tag="336" ind1=" " ind2=" ">
    <subfield code="a">text</subfield>
    <subfield code="b">txt</subfield>
    <subfield code="2">rdacontent</subfield>
  </datafield>
  <datafield tag="337" ind1=" " ind2=" ">
    <subfield code="a">unmediated</subfield>
    <subfield code="b">n</subfield>
    <subfield code="2">rdamedia</subfield>
  </datafield>
  <datafield tag="338" ind1=" " ind2=" ">
    <subfield code="a">volume</subfield>
    <subfield code="b">nc</subfield>
    <subfield code="2">rdacarrier</subfield>
  </datafield>
  <datafield tag="490" ind1="1" ind2=" ">
    <subfield code="a">Film and television studies ;</subfield>
    <subfield code="v">volume 3</subfield>
  </datafield>
  <datafield tag="504" ind1=" " ind2=" ">
    <subfield code="a">Includes bibliographical references (pages 167-179).</subfield>
  </datafield>
  <datafield tag="505" ind1="0" ind2=" ">
    <subfield code="a">Introduction -- The studio logo -- The motto -- The title -- Cast of characters -- The end -- Claims and (legal) disclaimers -- The movie tagline -- The movie novelization -- A look back: early film and its fan magazine fictionalizations -- Conclusion.</subfield>
  </datafield>
  <datafield tag="520" ind1=" " ind2=" ">
    <subfield code="a">Writing on the edge analyzes texts that surround movies - so-called filmic paratexts. They include opening and closing credits, film posters, and tie-in products such as novelizations. More accessory than an actual part of the film they accompany, paratexts nevertheless serve as an essential framing device that generates expectations and guides audiences through their viewing experience. The book discusses the exchange between the extradiegetic nature of paratexts and the diegesis of the films proper - the space between the producers&apos; attempts to advertise a product and the filmmakers&apos; attempts to tell a story. Writing on the edge investigates cinema&apos;s manifold conventions developed to link these realms. In doing so, the book analyzes a wide range of credit sequences and promotional materials covering all periods of film history.</subfield>
  </datafield>
  <datafield tag="500" ind1=" " ind2=" ">
    <subfield code="a">Collection of texts partly published previously.</subfield>
  </datafield>
  <datafield tag="500" ind1=" " ind2=" ">
    <subfield code="a">Dissertation.</subfield>
  </datafield>
  <datafield tag="650" ind1=" " ind2="0">
    <subfield code="a">Credit titles (Motion pictures, television, etc.)</subfield>
  </datafield>
  <datafield tag="650" ind1=" " ind2="0">
    <subfield code="a">Titles of motion pictures.</subfield>
  </datafield>
  <datafield tag="650" ind1=" " ind2="0">
    <subfield code="a">Openings (Rhetoric)</subfield>
  </datafield>
  <datafield tag="650" ind1=" " ind2="0">
    <subfield code="a">Motion picture producers and directors</subfield>
    <subfield code="x">Credits.</subfield>
  </datafield>
  <datafield tag="650" ind1=" " ind2="0">
    <subfield code="a">Actors</subfield>
    <subfield code="x">Credits.</subfield>
  </datafield>
  <datafield tag="650" ind1=" " ind2="0">
    <subfield code="a">Screenwriters</subfield>
    <subfield code="x">Credits.</subfield>
  </datafield>
  <datafield tag="650" ind1=" " ind2="0">
    <subfield code="a">Cinematographers</subfield>
    <subfield code="x">Credits.</subfield>
  </datafield>
  <datafield tag="650" ind1=" " ind2="0">
    <subfield code="a">Film criticism.</subfield>
  </datafield>
  <datafield tag="650" ind1=" " ind2="0">
    <subfield code="a">Advertising</subfield>
    <subfield code="x">Motion pictures.</subfield>
  </datafield>
  <datafield tag="650" ind1=" " ind2="0">
    <subfield code="a">Motion pictures</subfield>
    <subfield code="x">Marketing.</subfield>
  </datafield>
  <datafield tag="650" ind1=" " ind2="7">
    <subfield code="a">Actors</subfield>
    <subfield code="x">Credits.</subfield>
    <subfield code="2">fast</subfield>
    <subfield code="0">(OCoLC)fst01200396</subfield>
  </datafield>
  <datafield tag="650" ind1=" " ind2="7">
    <subfield code="a">Advertising.</subfield>
    <subfield code="2">fast</subfield>
    <subfield code="0">(OCoLC)fst00797511</subfield>
  </datafield>
  <datafield tag="650" ind1=" " ind2="7">
    <subfield code="a">Cinematographers</subfield>
    <subfield code="x">Credits.</subfield>
    <subfield code="2">fast</subfield>
    <subfield code="0">(OCoLC)fst00861482</subfield>
  </datafield>
  <datafield tag="650" ind1=" " ind2="7">
    <subfield code="a">Credit titles (Motion pictures, television, etc.)</subfield>
    <subfield code="2">fast</subfield>
    <subfield code="0">(OCoLC)fst00882598</subfield>
  </datafield>
  <datafield tag="650" ind1=" " ind2="7">
    <subfield code="a">Film criticism.</subfield>
    <subfield code="2">fast</subfield>
    <subfield code="0">(OCoLC)fst00924259</subfield>
  </datafield>
  <datafield tag="650" ind1=" " ind2="7">
    <subfield code="a">Motion picture producers and directors</subfield>
    <subfield code="x">Credits.</subfield>
    <subfield code="2">fast</subfield>
    <subfield code="0">(OCoLC)fst01027229</subfield>
  </datafield>
  <datafield tag="650" ind1=" " ind2="7">
    <subfield code="a">Motion pictures</subfield>
    <subfield code="x">Marketing.</subfield>
    <subfield code="2">fast</subfield>
    <subfield code="0">(OCoLC)fst01027343</subfield>
  </datafield>
  <datafield tag="650" ind1=" " ind2="7">
    <subfield code="a">Openings (Rhetoric)</subfield>
    <subfield code="2">fast</subfield>
    <subfield code="0">(OCoLC)fst01046144</subfield>
  </datafield>
  <datafield tag="650" ind1=" " ind2="7">
    <subfield code="a">Screenwriters</subfield>
    <subfield code="x">Credits.</subfield>
    <subfield code="2">fast</subfield>
    <subfield code="0">(OCoLC)fst01109354</subfield>
  </datafield>
  <datafield tag="650" ind1=" " ind2="7">
    <subfield code="a">Titles of motion pictures.</subfield>
    <subfield code="2">fast</subfield>
    <subfield code="0">(OCoLC)fst01151653</subfield>
  </datafield>
  <datafield tag="655" ind1=" " ind2="7">
    <subfield code="a">Motion pictures.</subfield>
    <subfield code="2">fast</subfield>
    <subfield code="0">(OCoLC)fst01726252.</subfield>
  </datafield>
  <datafield tag="650" ind1=" " ind2="7">
    <subfield code="a">Film</subfield>
    <subfield code="2">gnd</subfield>
  </datafield>
  <datafield tag="650" ind1=" " ind2="7">
    <subfield code="a">Paratext</subfield>
    <subfield code="2">gnd</subfield>
  </datafield>
  <datafield tag="651" ind1=" " ind2="7">
    <subfield code="a">USA</subfield>
    <subfield code="2">gnd</subfield>
  </datafield>
  <datafield tag="830" ind1=" " ind2="0">
    <subfield code="a">Film and television studies ;</subfield>
    <subfield code="v">volume 3.</subfield>
  </datafield>
</record>