
<record>
  <leader>06184cam a22005297i 4500</leader>
  <controlfield tag="001">19260543</controlfield>
  <controlfield tag="005">20200103150815.0</controlfield>
  <controlfield tag="008">160630s2016    be af    b    000 0 ita  </controlfield>
  <datafield tag="906" ind1=" " ind2=" ">
    <subfield code="a">7</subfield>
    <subfield code="b">cbc</subfield>
    <subfield code="c">origres</subfield>
    <subfield code="d">3</subfield>
    <subfield code="e">ncip</subfield>
    <subfield code="f">20</subfield>
    <subfield code="g">y-gencatlg</subfield>
  </datafield>
  <datafield tag="925" ind1="0" ind2=" ">
    <subfield code="a">acquire</subfield>
    <subfield code="b">1 shelf copy</subfield>
    <subfield code="x">policy default</subfield>
  </datafield>
  <datafield tag="955" ind1=" " ind2=" ">
    <subfield code="b">BD25 2017-01-18</subfield>
    <subfield code="b">bc12 2019-05-03 z-processor (ovetime)</subfield>
    <subfield code="i">bc12 2019-06-10 (telework)</subfield>
    <subfield code="e">bc12 2019-07-02 to BCCD (ABACheck &amp; Labeled)</subfield>
  </datafield>
  <datafield tag="010" ind1=" " ind2=" ">
    <subfield code="a">  2016502072</subfield>
  </datafield>
  <datafield tag="020" ind1=" " ind2=" ">
    <subfield code="a">9782503567914</subfield>
    <subfield code="q">(paperback)</subfield>
  </datafield>
  <datafield tag="020" ind1=" " ind2=" ">
    <subfield code="a">2503567916</subfield>
    <subfield code="q">(paperback)</subfield>
  </datafield>
  <datafield tag="020" ind1=" " ind2=" ">
    <subfield code="z">9782503567921</subfield>
    <subfield code="q">(online)</subfield>
  </datafield>
  <datafield tag="040" ind1=" " ind2=" ">
    <subfield code="a">DLC</subfield>
    <subfield code="b">eng</subfield>
    <subfield code="e">rda</subfield>
    <subfield code="c">DLC</subfield>
  </datafield>
  <datafield tag="041" ind1="0" ind2=" ">
    <subfield code="a">ita</subfield>
    <subfield code="b">eng</subfield>
  </datafield>
  <datafield tag="043" ind1=" " ind2=" ">
    <subfield code="a">e-it---</subfield>
  </datafield>
  <datafield tag="050" ind1="0" ind2="0">
    <subfield code="a">NA3780</subfield>
    <subfield code="b">.N3995 2016</subfield>
  </datafield>
  <datafield tag="100" ind1="1" ind2=" ">
    <subfield code="a">Neri, Elisabetta.</subfield>
  </datafield>
  <datafield tag="245" ind1="1" ind2="0">
    <subfield code="a">Tessellata vitrea tardoantichi e altomedievali :</subfield>
    <subfield code="b">produzione dei materiali e loro messa in opera : considerazioni generali e studio dei casi milanesi /</subfield>
    <subfield code="c">Elisabetta Neri ; prefazione di Silvia Lusuardi Siena e Marco Verita.</subfield>
  </datafield>
  <datafield tag="264" ind1=" " ind2="1">
    <subfield code="a">Turnhout :</subfield>
    <subfield code="b">Brepols,</subfield>
    <subfield code="c">[2016]</subfield>
  </datafield>
  <datafield tag="300" ind1=" " ind2=" ">
    <subfield code="a">398 pages, 8 pages of plates :</subfield>
    <subfield code="b">illustrations (some color) ;</subfield>
    <subfield code="c">29 cm.</subfield>
  </datafield>
  <datafield tag="336" ind1=" " ind2=" ">
    <subfield code="a">text</subfield>
    <subfield code="b">txt</subfield>
    <subfield code="2">rdacontent</subfield>
  </datafield>
  <datafield tag="337" ind1=" " ind2=" ">
    <subfield code="a">unmediated</subfield>
    <subfield code="b">n</subfield>
    <subfield code="2">rdamedia</subfield>
  </datafield>
  <datafield tag="338" ind1=" " ind2=" ">
    <subfield code="a">volume</subfield>
    <subfield code="b">nc</subfield>
    <subfield code="2">rdacarrier</subfield>
  </datafield>
  <datafield tag="490" ind1="1" ind2=" ">
    <subfield code="a">Bibliotheque de l&apos;Antiquite Tardive ;</subfield>
    <subfield code="v">32</subfield>
  </datafield>
  <datafield tag="500" ind1=" " ind2=" ">
    <subfield code="a">Abstract in English.</subfield>
  </datafield>
  <datafield tag="504" ind1=" " ind2=" ">
    <subfield code="a">Includes bibliographical references.</subfield>
  </datafield>
  <datafield tag="546" ind1=" " ind2=" ">
    <subfield code="a">Text in Italian, sources in Italian and Latin; abstract in English.</subfield>
  </datafield>
  <datafield tag="505" ind1="0" ind2=" ">
    <subfield code="a">La produzione delle tessere vitree: prospettive d&apos;indagine -- Il ruolo delle analisi archeometriche sul vetro musivo -- La messa in opera dei tessellata parietali -- Gli edifici milanesi con decorazioni musive: fonti e materiali a confronto -- L&apos;analisi di alcuni contesti campione -- La produzione delle tessere vitree musivo: un complesso ciclo produttivo in via di definizione -- Importazione e produzione del vetro musivo a Milano tra Tarda Antichità e Altomedioevo nel panorama italiano -- Magistri tessellari: dati tecnici sulle maestranze che hanno messo in opera le tessere -- Apparati.</subfield>
  </datafield>
  <datafield tag="520" ind1=" " ind2=" ">
    <subfield code="a">&quot;The production of mosaic glass and the laying technique of wall mosaic tesserae in Late Antique and Early Medieval times is the subject of this book, focusing in particular on the case of Milan. The first part examines the production process of glass mosaics, in order to reconstruct the commercial and cultural exchanges of the period being studied. Different tools (ethnoarchaeology, technical recipes, archaeometric analyses, archaeological remains, economic sources, quantitative estimates, restoration reports) are used to track the indicators of a workshop producing coloured and gold-leaf mosaic glass-cake, to identify the markers of mosaic glass history and technology, and to detect the material outcome of the actions performed by the mosaicist. The second part investigates the specific issues of the case of Milan, for which a contradictory literature exists, in terms of chronology and cultural framework of the mosaic art. In particular, it reviews the hypotheses relating to a specific glass production workshop and a school of mosaicists. The archaeological remains, literary sources, iconographic evidence, and archaeometric analyses, despite their difficult interpretation, allow the identification of three stages of diffusion of the mosaic art in Milan: the late Imperial age, the age of the Goths, and the final centuries of the Early Middle Ages. Four significant cases are analysed: the Imperial mausoleum of St. Victor ad Corpus (4th century), the Basilica of St. Lawrence (early 5th century), the baptistery of St. John ad Fontes (end 5th-6th century) and the Basilica of St. Ambrose (5th-6th and 10th centuries).</subfield>
  </datafield>
  <datafield tag="520" ind1="8" ind2=" ">
    <subfield code="a">(Continued) This research contributes to several open questions: the technology of glass and gold in a period of technological transition, the mural decoration of Milanese buildings, the choices made by the customers who financed the buildings, the investment required, the social and commercial relations established in order to carry out the works.&quot;--</subfield>
    <subfield code="c">Back cover.</subfield>
  </datafield>
  <datafield tag="520" ind1=" " ind2=" ">
    <subfield code="a">&quot;La produzione e la messa in opera delle tessere musive in epoca tardoantica e altomedievale sono indagate, studiando in particolare il caso di Milano. Etnoarcheologia, ricettari, analisi archeometriche, resti archeologici, fonti economiche, stime quantitative, documentazione di restauro sono utilizzate per rintracciare gli indicatori di un atelier che produce piastre musive colorate e a foglia d&apos;oro, i marker di cronologia, provenienza e tecnologia ottenibili dalle analisi chimiche sul vetro musivo e l&apos;esito materiale dei gesti eseguiti da chi mette in opera rintracciabili sui frammenti ritrovati in scavo archeologico. Nella seconda parte viene riconsiderata criticamente l&apos;ipotesi dell&apos;esistenza di una bottega milanese per la realizzazione di materiali musivi e di una scuola che le metta in opera. A fronte di una bibliografia contraddittoria sulla datazione e l&apos;origine culturale di queste competenze, vengono valutati i resti archeologici di decorazioni musive parietali e vengono caratterizzati con analisi archeometriche. La distribuzione dell&apos;arte musiva e gli apporti commerciali e culturali che hanno comportato la realizzazione dei mosaici sono così meglio definiti. La ricerca contribuisce alla tecnologia del vetro e dell&apos;oro, all&apos;organizzazione della produzione del vetro musivo, allo studio delle tecniche di messa in opera a partire dai frammenti, alla decorazione parietale dei monumenti milanesi, alle scelte e alle relazioni dei committenti che hanno finanziato gli edifici.&quot;--</subfield>
    <subfield code="c">Publisher&apos;s website.</subfield>
  </datafield>
  <datafield tag="650" ind1=" " ind2="0">
    <subfield code="a">Mosaics, Early Christian.</subfield>
  </datafield>
  <datafield tag="650" ind1=" " ind2="0">
    <subfield code="a">Mosaics, Byzantine.</subfield>
  </datafield>
  <datafield tag="650" ind1=" " ind2="0">
    <subfield code="a">Mosaics, Medieval.</subfield>
  </datafield>
  <datafield tag="650" ind1=" " ind2="0">
    <subfield code="a">Mosaics</subfield>
    <subfield code="x">Technique.</subfield>
  </datafield>
  <datafield tag="650" ind1=" " ind2="0">
    <subfield code="a">Glassware.</subfield>
  </datafield>
  <datafield tag="650" ind1=" " ind2="0">
    <subfield code="a">Mosaics, Early Christian</subfield>
    <subfield code="z">Italy</subfield>
    <subfield code="z">Milan.</subfield>
  </datafield>
  <datafield tag="650" ind1=" " ind2="0">
    <subfield code="a">Mosaics, Byzantine</subfield>
    <subfield code="z">Italy</subfield>
    <subfield code="z">Milan.</subfield>
  </datafield>
  <datafield tag="650" ind1=" " ind2="0">
    <subfield code="a">Mosaics, Medieval</subfield>
    <subfield code="z">Italy</subfield>
    <subfield code="z">Milan.</subfield>
  </datafield>
  <datafield tag="650" ind1=" " ind2="0">
    <subfield code="a">Glassware</subfield>
    <subfield code="z">Italy</subfield>
    <subfield code="z">Milan.</subfield>
  </datafield>
  <datafield tag="830" ind1=" " ind2="0">
    <subfield code="a">Bibliothèque de l&apos;Antiquité tardive ;</subfield>
    <subfield code="v">32.</subfield>
  </datafield>
  <datafield tag="856" ind1="4" ind2="2">
    <subfield code="u">http://ilibri.casalini.it/toc/3122326</subfield>
    <subfield code="z">TOC</subfield>
  </datafield>
  <datafield tag="923" ind1=" " ind2=" ">
    <subfield code="a">purchase</subfield>
    <subfield code="d">20160829</subfield>
    <subfield code="n">60027149</subfield>
    <subfield code="s">Erasmus</subfield>
  </datafield>
  <datafield tag="985" ind1=" " ind2=" ">
    <subfield code="e">VENDOR LOAD</subfield>
  </datafield>
</record>