
<record>
  <leader>01500cam a22002897i 4500</leader>
  <controlfield tag="001">19267559</controlfield>
  <controlfield tag="005">20200103121239.0</controlfield>
  <controlfield tag="008">160909s2015    iv d          100 0 fre  </controlfield>
  <datafield tag="906" ind1=" " ind2=" ">
    <subfield code="a">7</subfield>
    <subfield code="b">cbc</subfield>
    <subfield code="c">orignew</subfield>
    <subfield code="d">4</subfield>
    <subfield code="e">ncip</subfield>
    <subfield code="f">20</subfield>
    <subfield code="g">y-gencatlg</subfield>
  </datafield>
  <datafield tag="925" ind1="0" ind2=" ">
    <subfield code="a">acquire</subfield>
    <subfield code="b">1 shelf copy</subfield>
    <subfield code="x">mlh 2016-09-09</subfield>
  </datafield>
  <datafield tag="955" ind1=" " ind2=" ">
    <subfield code="b">bc06 2016-09-09 to (telework) ALAWE/A,</subfield>
    <subfield code="h">bc14 2017-02-10 (telework) to SHELF</subfield>
  </datafield>
  <datafield tag="010" ind1=" " ind2=" ">
    <subfield code="a">  2016476302</subfield>
  </datafield>
  <datafield tag="020" ind1=" " ind2=" ">
    <subfield code="a">9782355650413</subfield>
  </datafield>
  <datafield tag="040" ind1=" " ind2=" ">
    <subfield code="a">DLC</subfield>
    <subfield code="b">eng</subfield>
    <subfield code="c">DLC</subfield>
    <subfield code="e">rda</subfield>
  </datafield>
  <datafield tag="050" ind1="0" ind2="0">
    <subfield code="a">MLCS 2017/41200 (L)</subfield>
  </datafield>
  <datafield tag="245" ind1="0" ind2="0">
    <subfield code="a">Actes du séminaire de grand-bassam 22-24 août 2013 :</subfield>
    <subfield code="b">la contribution de l&apos;enseignement scolaire privé laïc à l&apos;amélioration de la qualité de l&apos;enseignement en Côte d&apos;Ivoire; séminaire - ANESPLACI /</subfield>
    <subfield code="c">Une idée de M. Bakayoko Ladji, Président Fondateur ; sous la direction scientifique de Pr. Blede Logbo ; [Association Nationale des Establissements Scolaires Privés Laïcs de Côte d&apos;Ivoire (ANESPLACI)].</subfield>
  </datafield>
  <datafield tag="246" ind1="3" ind2="0">
    <subfield code="a">Actes du séminaire de grand-bassam 22-24 août 2013</subfield>
  </datafield>
  <datafield tag="264" ind1=" " ind2="1">
    <subfield code="a">Côte d&apos;Ivoire :</subfield>
    <subfield code="b">Editions Unversitaires,</subfield>
    <subfield code="c">2015.</subfield>
  </datafield>
  <datafield tag="300" ind1=" " ind2=" ">
    <subfield code="a">68 pages :</subfield>
    <subfield code="b">charts (some color) ;</subfield>
    <subfield code="c">20 cm</subfield>
  </datafield>
  <datafield tag="336" ind1=" " ind2=" ">
    <subfield code="a">text</subfield>
    <subfield code="b">txt</subfield>
    <subfield code="2">rdacontent</subfield>
  </datafield>
  <datafield tag="337" ind1=" " ind2=" ">
    <subfield code="a">unmediated</subfield>
    <subfield code="b">n</subfield>
    <subfield code="2">rdamedia</subfield>
  </datafield>
  <datafield tag="338" ind1=" " ind2=" ">
    <subfield code="a">volume</subfield>
    <subfield code="b">nc</subfield>
    <subfield code="2">rdacarrier</subfield>
  </datafield>
  <datafield tag="653" ind1=" " ind2=" ">
    <subfield code="a">Education</subfield>
    <subfield code="a">Côte d&apos;Ivoire</subfield>
  </datafield>
  <datafield tag="700" ind1="1" ind2=" ">
    <subfield code="a">Ladji, M. Bakayoko</subfield>
  </datafield>
  <datafield tag="700" ind1="1" ind2=" ">
    <subfield code="a">Blede, Logbo,</subfield>
    <subfield code="d">1963-</subfield>
  </datafield>
  <datafield tag="710" ind1="2" ind2=" ">
    <subfield code="a">Association Nationale des Establissements Scolaires Privés Laïcs (Côte d&apos;Ivoire)</subfield>
  </datafield>
  <datafield tag="923" ind1=" " ind2=" ">
    <subfield code="a">Purchase</subfield>
    <subfield code="d">20160710</subfield>
    <subfield code="n">773084</subfield>
    <subfield code="s">Hogarth (93001367)</subfield>
  </datafield>
</record>